time,price,volume,match_type,id
2025-10-03 10:28:09+07:00,30.5,1000,Buy,374222936
2025-10-03 10:28:09+07:00,30.5,72900,Buy,374222940
2025-10-03 10:28:09+07:00,30.5,20000,Buy,374222937
2025-10-03 10:28:09+07:00,30.5,100,Buy,374222938
2025-10-03 10:28:09+07:00,30.5,100,Buy,374222939
2025-10-03 10:28:21+07:00,30.5,22900,Buy,374223205
2025-10-03 10:28:21+07:00,30.5,27100,Buy,374223204
2025-10-03 10:28:35+07:00,30.5,27100,Buy,374223541
2025-10-03 10:28:35+07:00,30.5,13000,Buy,374223542
2025-10-03 10:28:35+07:00,30.5,9900,Buy,374223543
2025-10-03 10:28:41+07:00,30.5,3000,Buy,374223676
2025-10-03 10:28:59+07:00,30.5,100,Buy,374224094
2025-10-03 10:29:24+07:00,30.5,2000,Buy,374224667
2025-10-03 10:29:26+07:00,30.5,2800,Buy,374224702
2025-10-03 10:29:28+07:00,30.5,100,Buy,374224777
2025-10-03 10:29:59+07:00,30.5,2000,Buy,374225502
2025-10-03 10:30:04+07:00,30.5,1000,Buy,374225778
2025-10-03 10:30:09+07:00,30.5,44100,Buy,374225945
2025-10-03 10:30:09+07:00,30.5,5300,Buy,374225946
2025-10-03 10:30:09+07:00,30.5,400,Buy,374225947
2025-10-03 10:30:09+07:00,30.5,200,Buy,374225948
2025-10-03 10:30:23+07:00,30.5,1000,Buy,374226245
2025-10-03 10:30:25+07:00,30.5,1000,Buy,374226384
2025-10-03 10:30:28+07:00,30.5,100,Buy,374226516
2025-10-03 10:30:29+07:00,30.5,200,Buy,374226528
2025-10-03 10:30:29+07:00,30.5,700,Buy,374226527
2025-10-03 10:30:30+07:00,30.5,100,Sell,374226586
2025-10-03 10:30:49+07:00,30.5,100,Buy,374227257
2025-10-03 10:31:21+07:00,30.5,1000,Buy,374228275
2025-10-03 10:31:23+07:00,30.5,1000,Buy,374228311
2025-10-03 10:31:27+07:00,30.5,100,Buy,374228393
2025-10-03 10:31:28+07:00,30.45,1000,Sell,374228412
2025-10-03 10:31:30+07:00,30.45,300,Sell,374228455
2025-10-03 10:31:43+07:00,30.5,100,Buy,374228853
2025-10-03 10:32:20+07:00,30.5,300,Buy,374230008
2025-10-03 10:32:43+07:00,30.5,100,Buy,374230720
2025-10-03 10:33:15+07:00,30.5,2600,Buy,374231667
2025-10-03 10:33:15+07:00,30.5,2400,Buy,374231668
2025-10-03 10:33:30+07:00,30.5,26900,Buy,374232054
2025-10-03 10:33:30+07:00,30.5,10000,Buy,374232053
2025-10-03 10:33:30+07:00,30.5,5000,Buy,374232050
2025-10-03 10:33:30+07:00,30.5,500,Buy,374232051
2025-10-03 10:33:30+07:00,30.5,5000,Buy,374232052
2025-10-03 10:33:30+07:00,30.5,2600,Buy,374232049
2025-10-03 10:33:31+07:00,30.5,100,Buy,374232121
2025-10-03 10:33:44+07:00,30.5,23000,Buy,374232419
2025-10-03 10:33:44+07:00,30.5,27000,Buy,374232420
2025-10-03 10:33:53+07:00,30.5,20000,Buy,374232696
2025-10-03 10:34:02+07:00,30.45,1000,Sell,374232978
2025-10-03 10:34:04+07:00,30.45,100,Sell,374233039
2025-10-03 10:34:10+07:00,30.45,13100,Sell,374233206
2025-10-03 10:34:10+07:00,30.45,2000,Sell,374233208
2025-10-03 10:34:10+07:00,30.45,1000,Sell,374233209
2025-10-03 10:34:10+07:00,30.45,300,Sell,374233210
2025-10-03 10:34:10+07:00,30.45,100,Sell,374233211
2025-10-03 10:34:10+07:00,30.45,100,Sell,374233212
2025-10-03 10:34:10+07:00,30.45,900,Sell,374233213
2025-10-03 10:34:10+07:00,30.45,100,Sell,374233207
2025-10-03 10:34:12+07:00,30.45,100,Sell,374233303
2025-10-03 10:34:26+07:00,30.45,100,Buy,374233715
2025-10-03 10:34:29+07:00,30.4,2000,Sell,374233803
2025-10-03 10:34:30+07:00,30.4,2000,Sell,374233820
2025-10-03 10:35:00+07:00,30.4,200,Sell,374234637
2025-10-03 10:35:09+07:00,30.45,2800,Buy,374234946
2025-10-03 10:35:09+07:00,30.45,8000,Buy,374234947
2025-10-03 10:35:09+07:00,30.45,14200,Buy,374234948
2025-10-03 10:35:28+07:00,30.45,1000,Buy,374235469
2025-10-03 10:35:37+07:00,30.45,2600,Buy,374235791
2025-10-03 10:35:37+07:00,30.45,4800,Buy,374235790
2025-10-03 10:35:45+07:00,30.45,2600,Sell,374236024
2025-10-03 10:35:46+07:00,30.45,5000,Buy,374236048
2025-10-03 10:36:13+07:00,30.45,100,Buy,374236970
2025-10-03 10:36:18+07:00,30.4,900,Sell,374237136
2025-10-03 10:36:18+07:00,30.4,1000,Sell,374237135
2025-10-03 10:36:18+07:00,30.4,500,Sell,374237134
2025-10-03 10:36:18+07:00,30.4,100,Sell,374237133
2025-10-03 10:36:18+07:00,30.4,500,Sell,374237129
2025-10-03 10:36:18+07:00,30.4,3800,Sell,374237132
2025-10-03 10:36:18+07:00,30.4,500,Sell,374237131
2025-10-03 10:36:18+07:00,30.4,100,Sell,374237130
2025-10-03 10:36:18+07:00,30.4,600,Sell,374237128
2025-10-03 10:36:18+07:00,30.4,400,Sell,374237122
2025-10-03 10:36:18+07:00,30.4,200,Sell,374237126
2025-10-03 10:36:18+07:00,30.4,500,Sell,374237125
2025-10-03 10:36:18+07:00,30.4,100,Sell,374237124
2025-10-03 10:36:18+07:00,30.4,100,Sell,374237123
2025-10-03 10:36:18+07:00,30.4,500,Sell,374237121
2025-10-03 10:36:18+07:00,30.4,3000,Sell,374237120
2025-10-03 10:36:18+07:00,30.4,3100,Sell,374237119
2025-10-03 10:36:18+07:00,30.4,1500,Sell,374237118
2025-10-03 10:36:18+07:00,30.4,1900,Sell,374237127
2025-10-03 10:36:23+07:00,30.45,500,Buy,374237266
2025-10-03 10:36:27+07:00,30.4,1300,Sell,374237371
2025-10-03 10:36:30+07:00,30.4,2100,Sell,374237487
2025-10-03 10:36:53+07:00,30.4,400,Sell,374238071
2025-10-03 10:36:54+07:00,30.4,1400,Sell,374238114
2025-10-03 10:36:55+07:00,30.4,1600,Sell,374238122
2025-10-03 10:36:55+07:00,30.4,2600,Sell,374238145
2025-10-03 10:37:00+07:00,30.4,800,Sell,374238288
2025-10-03 10:37:10+07:00,30.45,100,Buy,374238560
