time,price,volume,match_type,id
2025-10-03 10:18:33+07:00,39.95,100,Sell,374203329
2025-10-03 10:18:33+07:00,39.95,100,Sell,374203330
2025-10-03 10:18:33+07:00,39.95,300,Sell,374203331
2025-10-03 10:18:40+07:00,39.95,100,Sell,374203555
2025-10-03 10:18:44+07:00,39.95,500,Sell,374203707
2025-10-03 10:18:44+07:00,39.95,2000,Sell,374203723
2025-10-03 10:18:44+07:00,39.95,1000,Sell,374203722
2025-10-03 10:18:44+07:00,39.95,500,Sell,374203721
2025-10-03 10:18:44+07:00,39.95,400,Sell,374203720
2025-10-03 10:18:44+07:00,39.95,2500,Sell,374203718
2025-10-03 10:18:44+07:00,39.95,600,Sell,374203706
2025-10-03 10:18:44+07:00,39.95,100,Sell,374203715
2025-10-03 10:18:44+07:00,39.95,100,Sell,374203717
2025-10-03 10:18:44+07:00,39.95,3000,Sell,374203713
2025-10-03 10:18:44+07:00,39.95,1000,Sell,374203712
2025-10-03 10:18:44+07:00,39.95,2000,Sell,374203711
2025-10-03 10:18:44+07:00,39.95,100,Sell,374203710
2025-10-03 10:18:44+07:00,39.95,300,Sell,374203709
2025-10-03 10:18:44+07:00,39.95,300,Sell,374203708
2025-10-03 10:18:44+07:00,39.95,1000,Sell,374203714
2025-10-03 10:18:44+07:00,39.95,200,Sell,374203716
2025-10-03 10:19:11+07:00,39.95,200,Buy,374205027
2025-10-03 10:19:28+07:00,39.95,100,Buy,374205769
2025-10-03 10:19:51+07:00,39.95,200,Buy,374206947
2025-10-03 10:19:51+07:00,39.95,200,Buy,374206935
2025-10-03 10:20:06+07:00,39.95,600,Buy,374207759
2025-10-03 10:20:14+07:00,39.95,6200,Buy,374208234
2025-10-03 10:20:15+07:00,39.95,2000,Buy,374208311
2025-10-03 10:20:20+07:00,39.95,600,Buy,374208594
2025-10-03 10:20:48+07:00,39.95,1000,Buy,374210084
2025-10-03 10:21:00+07:00,39.95,600,Buy,374210714
2025-10-03 10:21:04+07:00,39.95,200,Buy,374210972
2025-10-03 10:21:14+07:00,39.95,100,Buy,374211602
2025-10-03 10:21:21+07:00,39.95,200,Buy,374211940
2025-10-03 10:21:22+07:00,39.95,10200,Buy,374211971
2025-10-03 10:21:22+07:00,39.95,1000,Buy,374211972
2025-10-03 10:21:26+07:00,39.95,500,Buy,374212125
2025-10-03 10:21:26+07:00,39.95,4500,Buy,374212131
2025-10-03 10:21:31+07:00,39.9,800,Sell,374212274
2025-10-03 10:21:31+07:00,39.9,100,Sell,374212254
2025-10-03 10:21:41+07:00,39.95,1000,Buy,374212584
2025-10-03 10:21:47+07:00,39.9,100,Sell,374212743
2025-10-03 10:21:47+07:00,39.9,100,Sell,374212744
2025-10-03 10:21:47+07:00,39.9,100,Sell,374212745
2025-10-03 10:21:47+07:00,39.9,36300,Sell,374212746
2025-10-03 10:21:50+07:00,39.9,3600,Sell,374212883
2025-10-03 10:21:50+07:00,39.95,2000,Buy,374212911
2025-10-03 10:21:52+07:00,39.9,6900,Sell,374212986
2025-10-03 10:21:53+07:00,39.9,600,Sell,374212997
2025-10-03 10:22:11+07:00,39.95,2000,Buy,374213664
2025-10-03 10:22:12+07:00,39.95,200,Buy,374213706
2025-10-03 10:22:14+07:00,39.95,300,Buy,374213847
2025-10-03 10:22:14+07:00,39.95,300,Buy,374213846
2025-10-03 10:22:20+07:00,39.95,200,Buy,374214050
2025-10-03 10:22:20+07:00,39.95,100,Buy,374214051
2025-10-03 10:22:20+07:00,39.95,400,Buy,374214052
2025-10-03 10:22:20+07:00,39.95,300,Buy,374214049
2025-10-03 10:22:34+07:00,39.95,300,Buy,374214658
2025-10-03 10:22:34+07:00,39.95,100,Buy,374214678
2025-10-03 10:22:45+07:00,39.95,300,Buy,374215083
2025-10-03 10:22:50+07:00,39.95,500,Buy,374215224
2025-10-03 10:22:50+07:00,39.95,2000,Buy,374215223
2025-10-03 10:22:50+07:00,39.95,100,Buy,374215222
2025-10-03 10:22:50+07:00,39.95,200,Buy,374215221
2025-10-03 10:22:50+07:00,39.95,100,Buy,374215219
2025-10-03 10:22:50+07:00,39.95,100,Buy,374215218
2025-10-03 10:22:50+07:00,39.95,1000,Buy,374215217
2025-10-03 10:22:50+07:00,39.95,500,Buy,374215215
2025-10-03 10:22:50+07:00,39.95,500,Buy,374215220
2025-10-03 10:22:55+07:00,39.95,500,Buy,374215363
2025-10-03 10:22:55+07:00,39.95,700,Buy,374215364
2025-10-03 10:22:55+07:00,39.95,300,Buy,374215370
2025-10-03 10:22:55+07:00,39.95,500,Buy,374215371
2025-10-03 10:22:57+07:00,39.95,200,Sell,374215416
2025-10-03 10:23:11+07:00,40.0,600,Buy,374215847
2025-10-03 10:24:21+07:00,40.0,500,Buy,374217765
2025-10-03 10:26:05+07:00,40.0,2500,Buy,374220294
2025-10-03 10:27:33+07:00,39.95,500,Sell,374222209
2025-10-03 10:27:33+07:00,39.95,500,Sell,374222208
2025-10-03 10:27:36+07:00,39.95,100,Sell,374222253
2025-10-03 10:27:46+07:00,40.0,100,Buy,374222493
2025-10-03 10:28:00+07:00,40.0,200,Buy,374222739
2025-10-03 10:28:00+07:00,40.0,500,Buy,374222740
2025-10-03 10:28:00+07:00,40.0,300,Buy,374222741
2025-10-03 10:28:35+07:00,40.0,500,Buy,374223557
2025-10-03 10:28:35+07:00,40.0,100,Buy,374223556
2025-10-03 10:28:35+07:00,40.0,3000,Buy,374223555
2025-10-03 10:28:35+07:00,40.0,1000,Buy,374223554
2025-10-03 10:28:35+07:00,40.0,100,Buy,374223553
2025-10-03 10:28:35+07:00,40.0,200,Buy,374223551
2025-10-03 10:28:35+07:00,40.0,1000,Buy,374223550
2025-10-03 10:28:35+07:00,40.0,1000,Buy,374223549
2025-10-03 10:28:35+07:00,40.0,1700,Buy,374223548
2025-10-03 10:28:35+07:00,40.0,200,Buy,374223552
2025-10-03 10:28:37+07:00,40.0,800,Sell,374223589
2025-10-03 10:29:23+07:00,40.0,400,Sell,374224633
2025-10-03 10:29:40+07:00,40.0,100,Buy,374225061
2025-10-03 10:29:42+07:00,40.0,100,Buy,374225194
2025-10-03 10:30:18+07:00,40.0,200,Buy,374226136
2025-10-03 10:31:11+07:00,40.0,100,Buy,374227870
