time,price,volume,match_type,id
2025-10-03 10:37:15+07:00,80.2,100,Sell,374238772
2025-10-03 10:37:15+07:00,80.2,100,Sell,374238782
2025-10-03 10:37:15+07:00,80.2,500,Sell,374238781
2025-10-03 10:37:15+07:00,80.2,200,Sell,374238780
2025-10-03 10:37:15+07:00,80.2,3000,Sell,374238779
2025-10-03 10:37:15+07:00,80.2,300,Sell,374238773
2025-10-03 10:37:15+07:00,80.2,100,Sell,374238777
2025-10-03 10:37:15+07:00,80.2,100,Sell,374238776
2025-10-03 10:37:15+07:00,80.2,100,Sell,374238775
2025-10-03 10:37:15+07:00,80.2,500,Sell,374238774
2025-10-03 10:37:15+07:00,80.2,200,Sell,374238778
2025-10-03 10:37:23+07:00,80.3,100,Buy,374239028
2025-10-03 10:37:40+07:00,80.3,200,Sell,374239642
2025-10-03 10:37:53+07:00,80.3,500,Sell,374240029
2025-10-03 10:37:53+07:00,80.3,6200,Sell,374240030
2025-10-03 10:38:10+07:00,80.3,2000,Sell,374240645
2025-10-03 10:38:15+07:00,80.4,1200,Buy,374240759
2025-10-03 10:38:15+07:00,80.4,400,Buy,374240758
2025-10-03 10:38:20+07:00,80.3,1800,Sell,374240852
2025-10-03 10:38:20+07:00,80.3,200,Sell,374240853
2025-10-03 10:38:21+07:00,80.3,10000,Sell,374240862
2025-10-03 10:38:48+07:00,80.3,300,Sell,374241456
2025-10-03 10:38:52+07:00,80.3,100,Sell,374241628
2025-10-03 10:38:52+07:00,80.2,3100,Sell,374241630
2025-10-03 10:38:52+07:00,80.3,1900,Sell,374241625
2025-10-03 10:38:52+07:00,80.3,900,Sell,374241627
2025-10-03 10:39:26+07:00,80.2,100,Sell,374242521
2025-10-03 10:39:59+07:00,80.2,1000,Sell,374243650
2025-10-03 10:40:02+07:00,80.2,100,Sell,374243726
2025-10-03 10:40:02+07:00,80.2,100,Sell,374243725
2025-10-03 10:40:02+07:00,80.2,900,Sell,374243724
2025-10-03 10:40:02+07:00,80.2,600,Sell,374243723
2025-10-03 10:40:02+07:00,80.2,2000,Sell,374243722
2025-10-03 10:40:02+07:00,80.2,300,Sell,374243721
2025-10-03 10:40:02+07:00,80.2,100,Sell,374243720
2025-10-03 10:40:02+07:00,80.2,200,Sell,374243719
2025-10-03 10:40:02+07:00,80.2,100,Sell,374243718
2025-10-03 10:40:02+07:00,80.2,100,Sell,374243717
2025-10-03 10:40:02+07:00,80.2,500,Sell,374243714
2025-10-03 10:40:02+07:00,80.2,5000,Sell,374243715
2025-10-03 10:40:02+07:00,80.2,400,Sell,374243713
2025-10-03 10:40:02+07:00,80.2,2000,Sell,374243712
2025-10-03 10:40:02+07:00,80.2,300,Sell,374243711
2025-10-03 10:40:02+07:00,80.2,200,Sell,374243710
2025-10-03 10:40:02+07:00,80.2,300,Sell,374243709
2025-10-03 10:40:02+07:00,80.2,200,Sell,374243708
2025-10-03 10:40:02+07:00,80.2,100,Sell,374243707
2025-10-03 10:40:02+07:00,80.2,5000,Sell,374243706
2025-10-03 10:40:02+07:00,80.2,100,Sell,374243716
2025-10-03 10:40:02+07:00,80.2,5700,Sell,374243705
2025-10-03 10:40:02+07:00,80.2,100,Sell,374243727
2025-10-03 10:40:02+07:00,80.2,800,Sell,374243729
2025-10-03 10:40:02+07:00,80.2,200,Sell,374243758
2025-10-03 10:40:02+07:00,80.2,200,Sell,374243757
2025-10-03 10:40:02+07:00,80.2,300,Sell,374243756
2025-10-03 10:40:02+07:00,80.2,100,Sell,374243755
2025-10-03 10:40:02+07:00,80.2,11400,Sell,374243754
2025-10-03 10:40:02+07:00,80.2,500,Sell,374243728
2025-10-03 10:40:02+07:00,80.2,200,Sell,374243752
2025-10-03 10:40:02+07:00,80.2,1000,Sell,374243751
2025-10-03 10:40:02+07:00,80.2,200,Sell,374243750
2025-10-03 10:40:02+07:00,80.2,100,Sell,374243749
2025-10-03 10:40:02+07:00,80.2,100,Sell,374243748
2025-10-03 10:40:02+07:00,80.2,100,Sell,374243747
2025-10-03 10:40:02+07:00,80.2,100,Sell,374243746
2025-10-03 10:40:02+07:00,80.2,1000,Sell,374243745
2025-10-03 10:40:02+07:00,80.2,100,Sell,374243753
2025-10-03 10:40:02+07:00,80.2,50000,Sell,374243743
2025-10-03 10:40:02+07:00,80.2,400,Sell,374243742
2025-10-03 10:40:02+07:00,80.2,1100,Sell,374243741
2025-10-03 10:40:02+07:00,80.2,100,Sell,374243740
2025-10-03 10:40:02+07:00,80.2,1100,Sell,374243739
2025-10-03 10:40:02+07:00,80.2,200,Sell,374243738
2025-10-03 10:40:02+07:00,80.2,1000,Sell,374243737
2025-10-03 10:40:02+07:00,80.2,3000,Sell,374243736
2025-10-03 10:40:02+07:00,80.2,2000,Sell,374243735
2025-10-03 10:40:02+07:00,80.2,100,Sell,374243734
2025-10-03 10:40:02+07:00,80.2,100,Sell,374243733
2025-10-03 10:40:02+07:00,80.2,100,Sell,374243732
2025-10-03 10:40:02+07:00,80.2,100,Sell,374243731
2025-10-03 10:40:02+07:00,80.2,200,Sell,374243730
2025-10-03 10:40:02+07:00,80.2,100,Sell,374243744
2025-10-03 10:40:23+07:00,80.2,400,Buy,374244596
2025-10-03 10:40:23+07:00,80.2,200,Buy,374244595
2025-10-03 10:40:23+07:00,80.2,2400,Buy,374244593
2025-10-03 10:40:23+07:00,80.2,2000,Buy,374244594
2025-10-03 10:40:28+07:00,80.2,100,Buy,374244697
2025-10-03 10:40:28+07:00,80.2,1000,Buy,374244698
2025-10-03 10:40:28+07:00,80.2,3900,Buy,374244699
2025-10-03 10:40:29+07:00,80.2,500,Buy,374244745
2025-10-03 10:40:36+07:00,80.2,100,Buy,374244866
2025-10-03 10:40:38+07:00,80.2,1500,Buy,374244923
2025-10-03 10:40:38+07:00,80.2,1000,Buy,374244924
2025-10-03 10:40:38+07:00,80.2,1000,Buy,374244925
2025-10-03 10:40:38+07:00,80.2,500,Buy,374244926
2025-10-03 10:40:42+07:00,80.2,1000,Sell,374245075
2025-10-03 10:40:48+07:00,80.2,500,Sell,374245325
2025-10-03 10:40:50+07:00,80.2,200,Sell,374245382
2025-10-03 10:40:52+07:00,80.2,100,Sell,374245426
2025-10-03 10:40:52+07:00,80.2,500,Sell,374245427
