time,price,volume,match_type,id
2025-10-03 10:06:41+07:00,60.3,200,Sell,374177369
2025-10-03 10:07:03+07:00,60.3,1000,Sell,374178098
2025-10-03 10:07:08+07:00,60.3,200,Sell,374178198
2025-10-03 10:07:29+07:00,60.3,100,Sell,374178784
2025-10-03 10:07:29+07:00,60.3,100,Sell,374178787
2025-10-03 10:07:37+07:00,60.3,200,Buy,374179030
2025-10-03 10:08:48+07:00,60.3,600,Buy,374180716
2025-10-03 10:08:48+07:00,60.3,300,Buy,374180717
2025-10-03 10:08:48+07:00,60.3,100,Buy,374180718
2025-10-03 10:09:17+07:00,60.4,200,Buy,374181555
2025-10-03 10:09:17+07:00,60.4,100,Buy,374181552
2025-10-03 10:09:17+07:00,60.4,200,Buy,374181554
2025-10-03 10:09:17+07:00,60.3,200,Buy,374181550
2025-10-03 10:09:17+07:00,60.3,200,Buy,374181548
2025-10-03 10:09:17+07:00,60.3,100,Buy,374181547
2025-10-03 10:09:17+07:00,60.3,200,Buy,374181551
2025-10-03 10:09:17+07:00,60.4,200,Buy,374181553
2025-10-03 10:10:56+07:00,60.2,4200,Sell,374184829
2025-10-03 10:10:56+07:00,60.2,100,Sell,374184830
2025-10-03 10:10:56+07:00,60.2,100,Sell,374184831
2025-10-03 10:10:56+07:00,60.2,500,Sell,374184832
2025-10-03 10:10:56+07:00,60.2,100,Sell,374184834
2025-10-03 10:11:06+07:00,60.4,100,Buy,374185142
2025-10-03 10:11:06+07:00,60.4,200,Buy,374185140
2025-10-03 10:11:06+07:00,60.4,200,Buy,374185141
2025-10-03 10:13:39+07:00,60.4,100,Buy,374190839
2025-10-03 10:16:30+07:00,60.3,100,Buy,374197325
2025-10-03 10:16:47+07:00,60.3,900,Buy,374198191
2025-10-03 10:16:47+07:00,60.3,200,Buy,374198193
2025-10-03 10:17:02+07:00,60.3,200,Sell,374198811
2025-10-03 10:17:29+07:00,60.3,3700,Sell,374200076
2025-10-03 10:17:29+07:00,60.3,100,Sell,374200077
2025-10-03 10:19:28+07:00,60.3,200,Buy,374205768
2025-10-03 10:19:28+07:00,60.3,300,Buy,374205770
2025-10-03 10:19:28+07:00,60.3,300,Buy,374205772
2025-10-03 10:19:28+07:00,60.3,200,Buy,374205773
2025-10-03 10:20:06+07:00,60.3,100,Buy,374207765
2025-10-03 10:20:06+07:00,60.3,100,Buy,374207762
2025-10-03 10:20:06+07:00,60.3,200,Buy,374207763
2025-10-03 10:20:06+07:00,60.3,200,Buy,374207764
2025-10-03 10:20:20+07:00,60.3,100,Buy,374208650
2025-10-03 10:20:20+07:00,60.3,200,Buy,374208651
2025-10-03 10:20:20+07:00,60.3,300,Buy,374208652
2025-10-03 10:20:39+07:00,60.2,2000,Sell,374209592
2025-10-03 10:20:39+07:00,60.2,700,Sell,374209593
2025-10-03 10:20:39+07:00,60.2,200,Sell,374209623
2025-10-03 10:20:59+07:00,60.3,500,Buy,374210635
2025-10-03 10:20:59+07:00,60.3,100,Buy,374210636
2025-10-03 10:21:05+07:00,60.3,100,Buy,374211067
2025-10-03 10:21:05+07:00,60.3,100,Buy,374211065
2025-10-03 10:22:14+07:00,60.3,100,Buy,374213802
2025-10-03 10:22:14+07:00,60.3,200,Buy,374213804
2025-10-03 10:22:14+07:00,60.3,300,Buy,374213803
2025-10-03 10:22:23+07:00,60.3,100,Buy,374214157
2025-10-03 10:22:51+07:00,60.3,100,Buy,374215241
2025-10-03 10:22:56+07:00,60.3,200,Buy,374215383
2025-10-03 10:22:56+07:00,60.3,200,Buy,374215384
2025-10-03 10:22:56+07:00,60.3,300,Buy,374215385
2025-10-03 10:23:22+07:00,60.3,200,Sell,374216168
2025-10-03 10:23:25+07:00,60.3,100,Sell,374216276
2025-10-03 10:23:49+07:00,60.3,100,Sell,374216919
2025-10-03 10:25:47+07:00,60.3,200,Buy,374219998
2025-10-03 10:25:47+07:00,60.3,2000,Buy,374219997
2025-10-03 10:25:47+07:00,60.3,1000,Buy,374219996
2025-10-03 10:25:47+07:00,60.3,200,Buy,374219993
2025-10-03 10:25:47+07:00,60.3,300,Buy,374219994
2025-10-03 10:25:47+07:00,60.3,100,Buy,374219992
2025-10-03 10:25:47+07:00,60.3,200,Buy,374219995
2025-10-03 10:26:03+07:00,60.3,200,Sell,374220276
2025-10-03 10:26:31+07:00,60.3,300,Sell,374220811
2025-10-03 10:26:59+07:00,60.3,100,Sell,374221413
2025-10-03 10:28:50+07:00,60.3,100,Buy,374223854
2025-10-03 10:29:18+07:00,60.3,200,Buy,374224474
2025-10-03 10:29:18+07:00,60.3,100,Buy,374224475
2025-10-03 10:29:18+07:00,60.3,300,Buy,374224472
2025-10-03 10:29:18+07:00,60.3,200,Buy,374224471
2025-10-03 10:29:18+07:00,60.3,200,Buy,374224473
2025-10-03 10:30:09+07:00,60.3,100,Buy,374225937
2025-10-03 10:30:09+07:00,60.3,300,Buy,374225938
2025-10-03 10:30:09+07:00,60.3,400,Buy,374225939
2025-10-03 10:30:09+07:00,60.3,200,Buy,374225940
2025-10-03 10:30:46+07:00,60.3,200,Buy,374227131
2025-10-03 10:31:02+07:00,60.3,200,Sell,374227656
2025-10-03 10:31:28+07:00,60.3,100,Sell,374228418
2025-10-03 10:31:28+07:00,60.3,100,Sell,374228421
2025-10-03 10:31:28+07:00,60.3,100,Sell,374228422
2025-10-03 10:31:56+07:00,60.3,200,Sell,374229268
2025-10-03 10:32:23+07:00,60.3,100,Sell,374230118
2025-10-03 10:32:45+07:00,60.3,100,Buy,374230786
2025-10-03 10:32:45+07:00,60.3,100,Buy,374230785
2025-10-03 10:32:49+07:00,60.3,100,Sell,374230912
2025-10-03 10:32:49+07:00,60.3,100,Sell,374230914
2025-10-03 10:33:17+07:00,60.3,300,Sell,374231734
2025-10-03 10:33:44+07:00,60.3,200,Sell,374232408
2025-10-03 10:34:10+07:00,60.3,100,Sell,374233205
2025-10-03 10:35:12+07:00,60.3,100,Buy,374235036
2025-10-03 10:35:12+07:00,60.3,100,Buy,374235037
2025-10-03 10:35:12+07:00,60.3,300,Buy,374235038
2025-10-03 10:35:12+07:00,60.3,400,Buy,374235039
2025-10-03 10:35:12+07:00,60.3,100,Buy,374235040
