time,price,volume,match_type,id
2025-10-03 09:33:22+07:00,45.55,1100,Buy,374084698
2025-10-03 09:33:22+07:00,45.55,2900,Sell,374084707
2025-10-03 09:33:22+07:00,45.55,1000,Buy,374084699
2025-10-03 09:33:22+07:00,45.55,1000,Buy,374084700
2025-10-03 09:33:24+07:00,45.55,2100,Buy,374084776
2025-10-03 09:33:24+07:00,45.55,500,Buy,374084777
2025-10-03 09:36:00+07:00,45.55,1000,Sell,374092612
2025-10-03 09:36:11+07:00,45.55,1400,Sell,374093175
2025-10-03 09:36:11+07:00,45.55,100,Sell,374093176
2025-10-03 09:36:11+07:00,45.55,3000,Sell,374093177
2025-10-03 09:36:11+07:00,45.55,500,Sell,374093178
2025-10-03 09:37:40+07:00,45.55,600,Sell,374097813
2025-10-03 09:37:40+07:00,45.55,500,Sell,374097814
2025-10-03 09:37:45+07:00,45.55,1000,Sell,374098037
2025-10-03 09:37:45+07:00,45.55,2500,Sell,374098036
2025-10-03 09:38:12+07:00,45.55,300,Buy,374100237
2025-10-03 09:39:05+07:00,45.5,200,Sell,374104347
2025-10-03 09:40:07+07:00,45.5,100,Buy,374109078
2025-10-03 09:40:09+07:00,45.5,100,Buy,374109214
2025-10-03 09:40:20+07:00,45.5,200,Sell,374110114
2025-10-03 09:41:35+07:00,45.5,700,Buy,374115136
2025-10-03 09:41:51+07:00,45.5,400,Buy,374116591
2025-10-03 09:42:08+07:00,45.5,700,Buy,374117659
2025-10-03 09:42:20+07:00,45.5,2500,Buy,374118423
2025-10-03 09:42:31+07:00,45.5,600,Buy,374119121
2025-10-03 09:43:40+07:00,45.5,200,Buy,374123304
2025-10-03 09:43:44+07:00,45.5,300,Buy,374123556
2025-10-03 09:44:47+07:00,45.5,200,Buy,374126664
2025-10-03 09:44:47+07:00,45.5,800,Buy,374126665
2025-10-03 09:45:52+07:00,45.5,100,Buy,374130127
2025-10-03 09:46:25+07:00,45.5,100,Buy,374131900
2025-10-03 09:46:25+07:00,45.5,700,Buy,374131901
2025-10-03 09:46:27+07:00,45.5,600,Buy,374132044
2025-10-03 09:46:37+07:00,45.5,300,Buy,374132730
2025-10-03 09:46:46+07:00,45.5,600,Buy,374133380
2025-10-03 09:46:50+07:00,45.5,600,Buy,374133630
2025-10-03 09:46:55+07:00,45.5,600,Buy,374134079
2025-10-03 09:46:58+07:00,45.5,700,Buy,374134374
2025-10-03 09:47:12+07:00,45.5,700,Buy,374135542
2025-10-03 09:47:38+07:00,45.5,200,Buy,374137019
2025-10-03 09:48:51+07:00,45.45,1000,Sell,374140247
2025-10-03 09:49:15+07:00,45.5,1000,Buy,374141178
2025-10-03 09:50:32+07:00,45.5,500,Buy,374144580
2025-10-03 09:50:32+07:00,45.5,100,Buy,374144581
2025-10-03 09:50:37+07:00,45.5,600,Buy,374144866
2025-10-03 09:50:41+07:00,45.5,300,Buy,374145020
2025-10-03 09:50:41+07:00,45.5,100,Buy,374145023
2025-10-03 09:50:41+07:00,45.55,200,Buy,374145024
2025-10-03 09:50:44+07:00,45.55,600,Buy,374145204
2025-10-03 09:52:09+07:00,45.5,300,Sell,374149392
2025-10-03 09:52:18+07:00,45.5,200,Sell,374149694
2025-10-03 09:52:18+07:00,45.5,1300,Sell,374149695
2025-10-03 09:52:30+07:00,45.5,3500,Buy,374150171
2025-10-03 09:52:32+07:00,45.5,300,Sell,374150267
2025-10-03 09:52:32+07:00,45.5,1500,Sell,374150266
2025-10-03 09:54:42+07:00,45.5,400,Buy,374154820
2025-10-03 09:55:26+07:00,45.55,1000,Buy,374156026
2025-10-03 09:56:57+07:00,45.5,100,Sell,374158924
2025-10-03 09:58:50+07:00,45.5,300,Sell,374162670
2025-10-03 10:01:08+07:00,45.5,200,Sell,374167093
2025-10-03 10:01:21+07:00,45.5,2000,Sell,374167519
2025-10-03 10:02:33+07:00,45.5,2000,Sell,374169857
2025-10-03 10:05:41+07:00,45.5,1000,Sell,374175703
2025-10-03 10:06:16+07:00,45.55,100,Buy,374176604
2025-10-03 10:07:38+07:00,45.5,1000,Sell,374179038
2025-10-03 10:09:59+07:00,45.5,600,Sell,374182994
2025-10-03 10:09:59+07:00,45.5,2000,Sell,374182995
2025-10-03 10:09:59+07:00,45.5,500,Sell,374182996
2025-10-03 10:09:59+07:00,45.5,4000,Sell,374182993
2025-10-03 10:11:33+07:00,45.45,1400,Sell,374185915
2025-10-03 10:12:07+07:00,45.5,1000,Buy,374187214
2025-10-03 10:12:51+07:00,45.5,100,Buy,374189247
2025-10-03 10:17:08+07:00,45.5,100,Buy,374199227
2025-10-03 10:17:29+07:00,45.5,200,Buy,374200119
2025-10-03 10:19:18+07:00,45.5,100,Buy,374205345
2025-10-03 10:20:07+07:00,45.5,600,Buy,374207810
2025-10-03 10:20:15+07:00,45.5,100,Buy,374208340
2025-10-03 10:20:20+07:00,45.5,600,Buy,374208613
2025-10-03 10:20:59+07:00,45.5,100,Buy,374210652
2025-10-03 10:20:59+07:00,45.5,500,Buy,374210654
2025-10-03 10:21:04+07:00,45.5,100,Buy,374211061
2025-10-03 10:22:14+07:00,45.5,400,Buy,374213781
2025-10-03 10:22:14+07:00,45.5,200,Buy,374213782
2025-10-03 10:23:51+07:00,45.5,300,Buy,374216993
2025-10-03 10:24:08+07:00,45.5,300,Buy,374217370
2025-10-03 10:24:08+07:00,45.5,500,Buy,374217371
2025-10-03 10:24:08+07:00,45.5,1200,Buy,374217373
2025-10-03 10:26:37+07:00,45.5,100,Sell,374220917
2025-10-03 10:26:37+07:00,45.5,500,Sell,374220918
2025-10-03 10:28:32+07:00,45.5,100,Buy,374223482
2025-10-03 10:31:29+07:00,45.5,100,Buy,374228425
2025-10-03 10:33:23+07:00,45.5,200,Buy,374231894
2025-10-03 10:33:41+07:00,45.5,1600,Buy,374232325
2025-10-03 10:34:16+07:00,45.45,1600,Sell,374233428
2025-10-03 10:34:16+07:00,45.45,400,Sell,374233429
2025-10-03 10:34:20+07:00,45.5,100,Buy,374233575
2025-10-03 10:34:54+07:00,45.5,100,Buy,374234419
2025-10-03 10:38:29+07:00,45.5,800,Buy,374241135
2025-10-03 10:38:29+07:00,45.5,100,Buy,374241136
2025-10-03 10:43:20+07:00,45.5,100,Buy,374253300
