time,price,volume,match_type,id
2025-10-03 10:45:28+07:00,19.65,300,Sell,374259756
2025-10-03 10:45:28+07:00,19.65,800,Sell,374259762
2025-10-03 10:45:28+07:00,19.65,200,Sell,374259761
2025-10-03 10:45:28+07:00,19.65,100,Sell,374259757
2025-10-03 10:45:28+07:00,19.65,10000,Sell,374259759
2025-10-03 10:45:28+07:00,19.65,100,Sell,374259758
2025-10-03 10:45:28+07:00,19.65,500,Sell,374259760
2025-10-03 10:45:34+07:00,19.65,200,Sell,374260028
2025-10-03 10:45:34+07:00,19.65,200,Sell,374260029
2025-10-03 10:45:34+07:00,19.65,500,Sell,374260031
2025-10-03 10:45:34+07:00,19.65,100,Sell,374260032
2025-10-03 10:45:34+07:00,19.65,400,Sell,374260033
2025-10-03 10:45:39+07:00,19.65,2000,Sell,374260238
2025-10-03 10:45:39+07:00,19.65,100,Sell,374260239
2025-10-03 10:45:39+07:00,19.65,100,Sell,374260240
2025-10-03 10:45:39+07:00,19.65,100,Sell,374260241
2025-10-03 10:45:39+07:00,19.65,2000,Sell,374260242
2025-10-03 10:45:39+07:00,19.65,2500,Sell,374260243
2025-10-03 10:45:39+07:00,19.65,100,Sell,374260244
2025-10-03 10:45:39+07:00,19.65,2000,Sell,374260248
2025-10-03 10:45:39+07:00,19.65,500,Sell,374260246
2025-10-03 10:45:39+07:00,19.65,500,Sell,374260247
2025-10-03 10:45:39+07:00,19.65,1000,Sell,374260249
2025-10-03 10:45:39+07:00,19.65,500,Sell,374260250
2025-10-03 10:45:39+07:00,19.65,100,Sell,374260251
2025-10-03 10:45:39+07:00,19.65,4000,Sell,374260252
2025-10-03 10:45:39+07:00,19.65,3000,Sell,374260245
2025-10-03 10:45:39+07:00,19.65,500,Sell,374260237
2025-10-03 10:45:39+07:00,19.65,300,Sell,374260234
2025-10-03 10:45:39+07:00,19.65,1000,Sell,374260235
2025-10-03 10:45:39+07:00,19.65,100,Sell,374260219
2025-10-03 10:45:39+07:00,19.65,100,Sell,374260220
2025-10-03 10:45:39+07:00,19.65,300,Sell,374260221
2025-10-03 10:45:39+07:00,19.65,1000,Sell,374260222
2025-10-03 10:45:39+07:00,19.65,500,Sell,374260223
2025-10-03 10:45:39+07:00,19.65,100,Sell,374260236
2025-10-03 10:45:39+07:00,19.65,100,Sell,374260225
2025-10-03 10:45:39+07:00,19.65,100,Sell,374260224
2025-10-03 10:45:39+07:00,19.65,200,Sell,374260227
2025-10-03 10:45:39+07:00,19.65,1500,Sell,374260228
2025-10-03 10:45:39+07:00,19.65,300,Sell,374260229
2025-10-03 10:45:39+07:00,19.65,300,Sell,374260230
2025-10-03 10:45:39+07:00,19.65,1000,Sell,374260231
2025-10-03 10:45:39+07:00,19.65,100,Sell,374260233
2025-10-03 10:45:39+07:00,19.65,3000,Sell,374260226
2025-10-03 10:45:39+07:00,19.65,1000,Sell,374260232
2025-10-03 10:46:04+07:00,19.65,100,Sell,374261360
2025-10-03 10:46:04+07:00,19.65,1000,Sell,374261357
2025-10-03 10:46:04+07:00,19.65,15300,Sell,374261358
2025-10-03 10:46:04+07:00,19.65,1000,Sell,374261359
2025-10-03 10:46:04+07:00,19.65,200,Sell,374261361
2025-10-03 10:46:04+07:00,19.65,2000,Sell,374261363
2025-10-03 10:46:04+07:00,19.65,5000,Sell,374261382
2025-10-03 10:46:04+07:00,19.65,1000,Sell,374261381
2025-10-03 10:46:04+07:00,19.65,2000,Sell,374261380
2025-10-03 10:46:04+07:00,19.65,5000,Sell,374261379
2025-10-03 10:46:04+07:00,19.65,100,Sell,374261378
2025-10-03 10:46:04+07:00,19.65,4800,Sell,374261377
2025-10-03 10:46:04+07:00,19.65,5000,Sell,374261376
2025-10-03 10:46:04+07:00,19.65,100,Sell,374261374
2025-10-03 10:46:04+07:00,19.65,100,Sell,374261373
2025-10-03 10:46:04+07:00,19.65,100,Sell,374261375
2025-10-03 10:46:04+07:00,19.65,1000,Sell,374261371
2025-10-03 10:46:04+07:00,19.65,5000,Sell,374261370
2025-10-03 10:46:04+07:00,19.65,100,Sell,374261369
2025-10-03 10:46:04+07:00,19.65,100,Sell,374261368
2025-10-03 10:46:04+07:00,19.65,11000,Sell,374261367
2025-10-03 10:46:04+07:00,19.65,18000,Sell,374261366
2025-10-03 10:46:04+07:00,19.65,100,Sell,374261365
2025-10-03 10:46:04+07:00,19.65,100,Sell,374261364
2025-10-03 10:46:04+07:00,19.65,100,Sell,374261372
2025-10-03 10:46:04+07:00,19.65,400,Sell,374261362
2025-10-03 10:46:07+07:00,19.65,5900,Buy,374261634
2025-10-03 10:46:11+07:00,19.65,5000,Buy,374261775
2025-10-03 10:46:16+07:00,19.65,400,Buy,374262082
2025-10-03 10:46:23+07:00,19.65,400,Sell,374262366
2025-10-03 10:46:24+07:00,19.65,400,Buy,374262400
2025-10-03 10:46:27+07:00,19.65,1000,Sell,374262503
2025-10-03 10:46:31+07:00,19.65,400,Sell,374262648
2025-10-03 10:46:36+07:00,19.65,5000,Sell,374262782
2025-10-03 10:46:41+07:00,19.65,500,Sell,374262897
2025-10-03 10:46:52+07:00,19.65,200,Sell,374263261
2025-10-03 10:47:21+07:00,19.65,1000,Sell,374264666
2025-10-03 10:47:46+07:00,19.65,60000,Sell,374265651
2025-10-03 10:47:50+07:00,19.65,10000,Sell,374265877
2025-10-03 10:48:34+07:00,19.65,1000,Sell,374267780
2025-10-03 10:48:42+07:00,19.65,3000,Sell,374268011
2025-10-03 10:48:48+07:00,19.65,1000,Sell,374268198
2025-10-03 10:49:33+07:00,19.65,500,Sell,374270633
2025-10-03 10:49:33+07:00,19.65,1000,Sell,374270608
2025-10-03 10:49:34+07:00,19.65,100,Sell,374270671
2025-10-03 10:49:43+07:00,19.7,3000,Buy,374271137
2025-10-03 10:49:48+07:00,19.65,400,Sell,374271340
2025-10-03 10:50:13+07:00,19.65,300,Sell,374272270
2025-10-03 10:50:15+07:00,19.65,200,Sell,374272335
2025-10-03 10:51:23+07:00,19.65,300,Sell,374274957
2025-10-03 10:51:29+07:00,19.7,100,Buy,374275165
2025-10-03 10:51:43+07:00,19.7,100,Buy,374275530
2025-10-03 10:52:47+07:00,19.7,200,Buy,374277616
2025-10-03 10:52:59+07:00,19.65,2000,Sell,374278043
