time,price,volume,match_type,id
2025-10-03 10:46:33+07:00,61.5,400,Sell,374262682
2025-10-03 10:46:37+07:00,61.5,100,Sell,374262819
2025-10-03 10:46:37+07:00,61.5,400,Sell,374262820
2025-10-03 10:46:55+07:00,61.5,100,Sell,374263378
2025-10-03 10:46:55+07:00,61.5,200,Sell,374263380
2025-10-03 10:46:57+07:00,61.6,100,Buy,374263577
2025-10-03 10:47:18+07:00,61.6,100,Buy,374264551
2025-10-03 10:47:20+07:00,61.5,100,Sell,374264625
2025-10-03 10:47:23+07:00,61.5,200,Sell,374264712
2025-10-03 10:47:38+07:00,61.5,1600,Sell,374265284
2025-10-03 10:47:38+07:00,61.5,300,Sell,374265282
2025-10-03 10:47:38+07:00,61.5,100,Sell,374265281
2025-10-03 10:47:38+07:00,61.5,100,Sell,374265278
2025-10-03 10:47:38+07:00,61.5,100,Sell,374265277
2025-10-03 10:47:38+07:00,61.5,100,Sell,374265276
2025-10-03 10:47:38+07:00,61.5,200,Sell,374265275
2025-10-03 10:47:38+07:00,61.5,500,Sell,374265274
2025-10-03 10:47:38+07:00,61.5,100,Sell,374265272
2025-10-03 10:47:38+07:00,61.5,100,Sell,374265280
2025-10-03 10:47:38+07:00,61.5,200,Sell,374265270
2025-10-03 10:47:38+07:00,61.5,100,Sell,374265271
2025-10-03 10:47:38+07:00,61.5,100,Sell,374265261
2025-10-03 10:47:38+07:00,61.5,100,Sell,374265262
2025-10-03 10:47:38+07:00,61.5,1000,Sell,374265263
2025-10-03 10:47:38+07:00,61.5,2000,Sell,374265264
2025-10-03 10:47:38+07:00,61.5,100,Sell,374265279
2025-10-03 10:47:38+07:00,61.5,1000,Sell,374265265
2025-10-03 10:47:38+07:00,61.5,1000,Sell,374265266
2025-10-03 10:47:38+07:00,61.5,1000,Sell,374265267
2025-10-03 10:47:38+07:00,61.5,200,Sell,374265268
2025-10-03 10:47:41+07:00,61.5,1000,Sell,374265396
2025-10-03 10:47:43+07:00,61.5,100,Sell,374265459
2025-10-03 10:47:54+07:00,61.5,2700,Sell,374266042
2025-10-03 10:47:54+07:00,61.5,100,Sell,374266041
2025-10-03 10:47:54+07:00,61.5,100,Sell,374266040
2025-10-03 10:47:54+07:00,61.5,500,Sell,374266039
2025-10-03 10:47:54+07:00,61.5,100,Sell,374266030
2025-10-03 10:47:54+07:00,61.5,100,Sell,374266028
2025-10-03 10:47:54+07:00,61.5,1000,Sell,374266026
2025-10-03 10:47:54+07:00,61.5,500,Sell,374266025
2025-10-03 10:47:54+07:00,61.5,300,Sell,374266023
2025-10-03 10:47:54+07:00,61.5,500,Sell,374266029
2025-10-03 10:47:54+07:00,61.5,100,Sell,374266027
2025-10-03 10:47:56+07:00,61.5,300,Sell,374266122
2025-10-03 10:47:56+07:00,61.5,100,Sell,374266123
2025-10-03 10:47:56+07:00,61.5,200,Sell,374266124
2025-10-03 10:48:21+07:00,61.5,100,Sell,374267184
2025-10-03 10:48:21+07:00,61.5,4000,Sell,374267181
2025-10-03 10:48:21+07:00,61.5,500,Sell,374267182
2025-10-03 10:48:21+07:00,61.5,100,Sell,374267183
2025-10-03 10:48:21+07:00,61.5,200,Sell,374267185
2025-10-03 10:48:21+07:00,61.5,500,Sell,374267187
2025-10-03 10:48:21+07:00,61.5,300,Sell,374267196
2025-10-03 10:48:21+07:00,61.5,100,Sell,374267195
2025-10-03 10:48:21+07:00,61.5,1400,Sell,374267194
2025-10-03 10:48:21+07:00,61.5,100,Sell,374267193
2025-10-03 10:48:21+07:00,61.5,100,Sell,374267186
2025-10-03 10:48:21+07:00,61.5,100,Sell,374267191
2025-10-03 10:48:21+07:00,61.5,1000,Sell,374267190
2025-10-03 10:48:21+07:00,61.5,1300,Sell,374267189
2025-10-03 10:48:21+07:00,61.5,100,Sell,374267188
2025-10-03 10:48:21+07:00,61.5,100,Sell,374267192
2025-10-03 10:48:23+07:00,61.5,100,Sell,374267300
2025-10-03 10:48:23+07:00,61.5,100,Sell,374267298
2025-10-03 10:48:23+07:00,61.5,100,Sell,374267301
2025-10-03 10:48:23+07:00,61.5,200,Sell,374267296
2025-10-03 10:48:23+07:00,61.5,200,Sell,374267295
2025-10-03 10:48:23+07:00,61.5,300,Sell,374267297
2025-10-03 10:48:25+07:00,61.5,100,Sell,374267380
2025-10-03 10:48:32+07:00,61.6,100,Buy,374267646
2025-10-03 10:48:34+07:00,61.6,300,Buy,374267767
2025-10-03 10:48:44+07:00,61.6,900,Buy,374268096
2025-10-03 10:48:44+07:00,61.6,100,Buy,374268097
2025-10-03 10:48:46+07:00,61.5,100,Sell,374268146
2025-10-03 10:48:48+07:00,61.6,200,Buy,374268186
2025-10-03 10:49:30+07:00,61.7,500,Buy,374270308
2025-10-03 10:49:30+07:00,61.6,100,Buy,374270306
2025-10-03 10:49:30+07:00,61.6,1700,Buy,374270305
2025-10-03 10:49:30+07:00,61.6,200,Buy,374270307
2025-10-03 10:50:01+07:00,61.7,100,Buy,374271865
2025-10-03 10:50:06+07:00,61.7,600,Buy,374272012
2025-10-03 10:50:35+07:00,61.7,2000,Buy,374272928
2025-10-03 10:50:54+07:00,61.5,600,Sell,374273692
2025-10-03 10:50:54+07:00,61.5,100,Sell,374273691
2025-10-03 10:50:54+07:00,61.5,100,Sell,374273690
2025-10-03 10:50:54+07:00,61.5,500,Sell,374273689
2025-10-03 10:50:54+07:00,61.5,200,Sell,374273688
2025-10-03 10:50:54+07:00,61.5,100,Sell,374273687
2025-10-03 10:50:54+07:00,61.5,500,Sell,374273686
2025-10-03 10:50:54+07:00,61.5,100,Sell,374273684
2025-10-03 10:50:54+07:00,61.5,100,Sell,374273683
2025-10-03 10:50:54+07:00,61.5,1000,Sell,374273682
2025-10-03 10:50:54+07:00,61.5,1200,Sell,374273681
2025-10-03 10:50:54+07:00,61.5,800,Sell,374273680
2025-10-03 10:50:54+07:00,61.5,200,Sell,374273679
2025-10-03 10:50:54+07:00,61.6,100,Sell,374273678
2025-10-03 10:50:54+07:00,61.6,100,Sell,374273677
2025-10-03 10:50:54+07:00,61.5,300,Sell,374273685
2025-10-03 10:50:55+07:00,61.5,400,Sell,374273721
2025-10-03 10:50:55+07:00,61.5,200,Sell,374273722
