time,price,volume,match_type,id
2025-10-03 10:25:40+07:00,25.65,4000,Sell,374219758
2025-10-03 10:25:40+07:00,25.65,400,Sell,374219772
2025-10-03 10:25:40+07:00,25.65,300,Sell,374219771
2025-10-03 10:25:40+07:00,25.65,2000,Sell,374219770
2025-10-03 10:25:40+07:00,25.65,100,Sell,374219769
2025-10-03 10:25:40+07:00,25.65,100,Sell,374219768
2025-10-03 10:25:40+07:00,25.65,100,Sell,374219767
2025-10-03 10:25:40+07:00,25.65,3600,Sell,374219759
2025-10-03 10:25:40+07:00,25.65,300,Sell,374219765
2025-10-03 10:25:40+07:00,25.65,500,Sell,374219760
2025-10-03 10:25:40+07:00,25.65,100,Sell,374219761
2025-10-03 10:25:40+07:00,25.65,200,Sell,374219766
2025-10-03 10:25:40+07:00,25.65,1000,Sell,374219763
2025-10-03 10:25:40+07:00,25.65,100,Sell,374219764
2025-10-03 10:25:40+07:00,25.65,100,Sell,374219762
2025-10-03 10:25:43+07:00,25.65,10600,Buy,374219885
2025-10-03 10:26:10+07:00,25.65,2000,Buy,374220400
2025-10-03 10:26:11+07:00,25.65,5000,Buy,374220416
2025-10-03 10:26:15+07:00,25.65,4400,Buy,374220502
2025-10-03 10:26:15+07:00,25.65,1000,Buy,374220503
2025-10-03 10:26:15+07:00,25.65,1000,Buy,374220504
2025-10-03 10:26:15+07:00,25.65,800,Buy,374220505
2025-10-03 10:26:15+07:00,25.65,300,Buy,374220506
2025-10-03 10:26:15+07:00,25.65,1000,Buy,374220507
2025-10-03 10:26:20+07:00,25.65,1000,Sell,374220607
2025-10-03 10:26:30+07:00,25.65,100,Sell,374220793
2025-10-03 10:26:30+07:00,25.65,2100,Sell,374220794
2025-10-03 10:26:33+07:00,25.65,1000,Sell,374220842
2025-10-03 10:26:40+07:00,25.65,800,Sell,374220990
2025-10-03 10:26:51+07:00,25.65,100,Sell,374221236
2025-10-03 10:26:51+07:00,25.65,200,Sell,374221234
2025-10-03 10:26:51+07:00,25.65,200,Sell,374221235
2025-10-03 10:26:53+07:00,25.65,100,Sell,374221259
2025-10-03 10:26:53+07:00,25.65,900,Sell,374221260
2025-10-03 10:26:57+07:00,25.65,1000,Sell,374221351
2025-10-03 10:26:57+07:00,25.65,100,Sell,374221352
2025-10-03 10:27:00+07:00,25.65,600,Sell,374221429
2025-10-03 10:27:13+07:00,25.65,1000,Sell,374221747
2025-10-03 10:27:15+07:00,25.7,100,Buy,374221814
2025-10-03 10:27:20+07:00,25.65,300,Sell,374221918
2025-10-03 10:27:21+07:00,25.65,1100,Sell,374221933
2025-10-03 10:27:21+07:00,25.65,1000,Sell,374221935
2025-10-03 10:27:21+07:00,25.65,100,Sell,374221936
2025-10-03 10:27:21+07:00,25.65,1000,Sell,374221937
2025-10-03 10:27:21+07:00,25.65,100,Sell,374221938
2025-10-03 10:27:21+07:00,25.65,100,Sell,374221934
2025-10-03 10:27:26+07:00,25.65,5000,Buy,374222020
2025-10-03 10:27:27+07:00,25.65,1600,Buy,374222054
2025-10-03 10:27:30+07:00,25.65,300,Sell,374222107
2025-10-03 10:27:30+07:00,25.65,400,Sell,374222106
2025-10-03 10:27:33+07:00,25.65,1800,Buy,374222179
2025-10-03 10:27:34+07:00,25.65,1000,Sell,374222216
2025-10-03 10:27:40+07:00,25.65,300,Sell,374222376
2025-10-03 10:27:54+07:00,25.65,1000,Sell,374222629
2025-10-03 10:27:56+07:00,25.65,1500,Sell,374222679
2025-10-03 10:28:00+07:00,25.65,600,Sell,374222758
2025-10-03 10:28:07+07:00,25.7,100,Buy,374222880
2025-10-03 10:28:30+07:00,25.7,400,Buy,374223402
2025-10-03 10:28:30+07:00,25.7,800,Buy,374223403
2025-10-03 10:28:30+07:00,25.65,300,Sell,374223436
2025-10-03 10:28:34+07:00,25.65,1000,Sell,374223521
2025-10-03 10:28:40+07:00,25.65,300,Sell,374223647
2025-10-03 10:28:50+07:00,25.65,100,Sell,374223851
2025-10-03 10:28:55+07:00,25.65,1000,Sell,374223983
2025-10-03 10:29:00+07:00,25.65,300,Sell,374224142
2025-10-03 10:29:00+07:00,25.7,100,Buy,374224107
2025-10-03 10:29:15+07:00,25.65,900,Sell,374224415
2025-10-03 10:29:18+07:00,25.65,3000,Sell,374224483
2025-10-03 10:29:20+07:00,25.65,900,Sell,374224542
2025-10-03 10:29:22+07:00,25.7,64800,Buy,374224615
2025-10-03 10:29:22+07:00,25.7,200,Buy,374224614
2025-10-03 10:29:22+07:00,25.7,1000,Buy,374224613
2025-10-03 10:29:22+07:00,25.7,100,Buy,374224612
2025-10-03 10:29:22+07:00,25.7,100,Buy,374224611
2025-10-03 10:29:22+07:00,25.7,1000,Buy,374224610
2025-10-03 10:29:22+07:00,25.7,7700,Buy,374224609
2025-10-03 10:29:22+07:00,25.7,1000,Buy,374224607
2025-10-03 10:29:22+07:00,25.7,500,Buy,374224606
2025-10-03 10:29:22+07:00,25.7,1000,Buy,374224605
2025-10-03 10:29:22+07:00,25.7,2000,Buy,374224604
2025-10-03 10:29:22+07:00,25.7,5000,Buy,374224603
2025-10-03 10:29:22+07:00,25.7,500,Buy,374224602
2025-10-03 10:29:22+07:00,25.7,1000,Buy,374224601
2025-10-03 10:29:22+07:00,25.7,4100,Buy,374224600
2025-10-03 10:29:22+07:00,25.7,10000,Buy,374224608
2025-10-03 10:29:28+07:00,25.7,500,Buy,374224765
2025-10-03 10:29:30+07:00,25.65,500,Sell,374224840
2025-10-03 10:29:30+07:00,25.65,1000,Sell,374224839
2025-10-03 10:29:30+07:00,25.65,500,Sell,374224838
2025-10-03 10:29:30+07:00,25.65,3000,Sell,374224837
2025-10-03 10:29:30+07:00,25.65,200,Sell,374224836
2025-10-03 10:29:30+07:00,25.65,100,Sell,374224835
2025-10-03 10:29:30+07:00,25.65,5000,Sell,374224831
2025-10-03 10:29:30+07:00,25.65,100,Sell,374224833
2025-10-03 10:29:30+07:00,25.65,1100,Sell,374224832
2025-10-03 10:29:30+07:00,25.65,600,Sell,374224830
2025-10-03 10:29:30+07:00,25.65,1000,Sell,374224829
2025-10-03 10:29:30+07:00,25.65,11000,Sell,374224828
2025-10-03 10:29:30+07:00,25.65,500,Sell,374224834
2025-10-03 10:29:34+07:00,25.65,100,Buy,374224923
