time,price,volume,match_type,id
2025-10-03 09:42:56+07:00,65.8,200,Buy,374120916
2025-10-03 09:43:50+07:00,65.7,100,Buy,374123899
2025-10-03 09:44:35+07:00,65.7,200,Buy,374125984
2025-10-03 09:44:35+07:00,65.7,300,Buy,374125983
2025-10-03 09:44:40+07:00,65.7,100,Buy,374126154
2025-10-03 09:46:25+07:00,65.7,200,Buy,374131888
2025-10-03 09:46:27+07:00,65.7,200,Buy,374132128
2025-10-03 09:46:35+07:00,65.7,100,Buy,374132652
2025-10-03 09:46:47+07:00,65.7,200,Buy,374133450
2025-10-03 09:46:50+07:00,65.7,200,Buy,374133657
2025-10-03 09:46:55+07:00,65.7,100,Buy,374134113
2025-10-03 09:46:55+07:00,65.7,100,Buy,374134114
2025-10-03 09:46:56+07:00,65.6,100,Sell,374134190
2025-10-03 09:46:56+07:00,65.6,100,Sell,374134188
2025-10-03 09:46:56+07:00,65.6,100,Sell,374134187
2025-10-03 09:46:56+07:00,65.6,200,Sell,374134186
2025-10-03 09:46:56+07:00,65.6,300,Sell,374134185
2025-10-03 09:46:56+07:00,65.6,500,Sell,374134184
2025-10-03 09:46:56+07:00,65.6,200,Sell,374134183
2025-10-03 09:46:58+07:00,65.7,200,Buy,374134394
2025-10-03 09:47:11+07:00,65.7,200,Buy,374135494
2025-10-03 09:48:32+07:00,65.5,400,Sell,374139391
2025-10-03 09:48:32+07:00,65.5,100,Sell,374139390
2025-10-03 09:48:32+07:00,65.5,100,Sell,374139389
2025-10-03 09:48:32+07:00,65.5,100,Sell,374139387
2025-10-03 09:48:32+07:00,65.5,1500,Sell,374139386
2025-10-03 09:48:32+07:00,65.5,100,Sell,374139385
2025-10-03 09:48:32+07:00,65.5,300,Sell,374139384
2025-10-03 09:48:32+07:00,65.6,100,Sell,374139380
2025-10-03 09:48:32+07:00,65.5,100,Sell,374139382
2025-10-03 09:48:32+07:00,65.5,100,Sell,374139383
2025-10-03 09:48:32+07:00,65.6,900,Sell,374139373
2025-10-03 09:48:32+07:00,65.6,200,Sell,374139375
2025-10-03 09:48:32+07:00,65.6,200,Sell,374139379
2025-10-03 09:48:32+07:00,65.6,200,Sell,374139378
2025-10-03 09:48:32+07:00,65.5,300,Sell,374139381
2025-10-03 09:48:32+07:00,65.6,300,Sell,374139377
2025-10-03 09:52:02+07:00,65.7,300,Buy,374149142
2025-10-03 09:52:02+07:00,65.7,200,Buy,374149144
2025-10-03 09:52:54+07:00,65.8,1000,Buy,374150987
2025-10-03 09:53:35+07:00,65.8,100,Buy,374152424
2025-10-03 09:54:04+07:00,65.7,300,Sell,374153634
2025-10-03 09:54:58+07:00,65.8,600,Buy,374155282
2025-10-03 09:54:58+07:00,65.8,400,Buy,374155283
2025-10-03 09:59:05+07:00,65.8,200,Buy,374163086
2025-10-03 10:00:47+07:00,65.5,100,Sell,374166516
2025-10-03 10:00:47+07:00,65.5,100,Sell,374166517
2025-10-03 10:03:10+07:00,65.5,500,Sell,374170907
2025-10-03 10:04:02+07:00,65.5,100,Sell,374172745
2025-10-03 10:06:16+07:00,65.5,100,Sell,374176588
2025-10-03 10:09:50+07:00,65.6,100,Buy,374182664
2025-10-03 10:12:52+07:00,65.6,100,Buy,374189293
2025-10-03 10:13:22+07:00,65.5,200,Sell,374190390
2025-10-03 10:13:37+07:00,65.5,100,Sell,374190795
2025-10-03 10:13:37+07:00,65.5,500,Sell,374190794
2025-10-03 10:13:37+07:00,65.5,100,Sell,374190793
2025-10-03 10:13:37+07:00,65.5,100,Sell,374190790
2025-10-03 10:13:37+07:00,65.5,100,Sell,374190789
2025-10-03 10:13:37+07:00,65.5,100,Sell,374190792
2025-10-03 10:13:37+07:00,65.5,900,Sell,374190787
2025-10-03 10:13:37+07:00,65.5,1100,Sell,374190783
2025-10-03 10:13:37+07:00,65.5,200,Sell,374190781
2025-10-03 10:13:37+07:00,65.5,500,Sell,374190780
2025-10-03 10:13:37+07:00,65.5,100,Sell,374190778
2025-10-03 10:13:37+07:00,65.5,1100,Sell,374190774
2025-10-03 10:13:37+07:00,65.5,500,Sell,374190788
2025-10-03 10:15:24+07:00,65.4,200,Sell,374194978
2025-10-03 10:15:35+07:00,65.4,200,Sell,374195364
2025-10-03 10:15:35+07:00,65.4,100,Sell,374195365
2025-10-03 10:15:35+07:00,65.4,300,Sell,374195367
2025-10-03 10:16:08+07:00,65.3,400,Sell,374196524
2025-10-03 10:16:08+07:00,65.3,2300,Sell,374196518
2025-10-03 10:16:08+07:00,65.3,600,Sell,374196516
2025-10-03 10:16:08+07:00,65.3,500,Sell,374196517
2025-10-03 10:16:08+07:00,65.3,100,Sell,374196514
2025-10-03 10:16:08+07:00,65.4,200,Sell,374196512
2025-10-03 10:16:08+07:00,65.4,2000,Sell,374196511
2025-10-03 10:16:08+07:00,65.4,200,Sell,374196510
2025-10-03 10:16:08+07:00,65.3,300,Sell,374196515
2025-10-03 10:16:35+07:00,65.3,200,Sell,374197586
2025-10-03 10:16:39+07:00,65.3,100,Sell,374197817
2025-10-03 10:16:39+07:00,65.3,100,Sell,374197818
2025-10-03 10:20:07+07:00,65.7,200,Buy,374207836
2025-10-03 10:20:20+07:00,65.7,200,Buy,374208653
2025-10-03 10:21:00+07:00,65.7,200,Buy,374210725
2025-10-03 10:21:04+07:00,65.7,100,Buy,374211059
2025-10-03 10:22:14+07:00,65.7,200,Buy,374213815
2025-10-03 10:23:05+07:00,65.4,100,Sell,374215665
2025-10-03 10:24:36+07:00,65.4,100,Sell,374218225
2025-10-03 10:24:36+07:00,65.4,100,Sell,374218222
2025-10-03 10:24:54+07:00,65.4,100,Buy,374218623
2025-10-03 10:25:02+07:00,65.4,100,Buy,374218814
2025-10-03 10:25:35+07:00,65.4,600,Buy,374219600
2025-10-03 10:29:52+07:00,65.4,100,Sell,374225390
2025-10-03 10:30:09+07:00,65.4,300,Sell,374225896
2025-10-03 10:30:09+07:00,65.4,100,Sell,374225897
2025-10-03 10:30:09+07:00,65.4,100,Sell,374225898
2025-10-03 10:30:09+07:00,65.4,200,Sell,374225899
2025-10-03 10:30:09+07:00,65.4,200,Sell,374225902
2025-10-03 10:30:09+07:00,65.4,100,Sell,374225903
