time,price,volume,match_type,id
2025-10-03 10:37:50+07:00,61.7,100,Buy,374239911
2025-10-03 10:38:07+07:00,61.6,100,Sell,374240592
2025-10-03 10:38:07+07:00,61.6,200,Sell,374240593
2025-10-03 10:38:13+07:00,61.6,100,Sell,374240725
2025-10-03 10:38:14+07:00,61.6,1000,Sell,374240727
2025-10-03 10:40:05+07:00,61.6,100,Sell,374243842
2025-10-03 10:40:23+07:00,61.7,300,Buy,374244591
2025-10-03 10:40:28+07:00,61.6,500,Sell,374244712
2025-10-03 10:41:03+07:00,61.6,100,Sell,374245750
2025-10-03 10:41:45+07:00,61.6,200,Sell,374248104
2025-10-03 10:41:47+07:00,61.7,100,Buy,374248168
2025-10-03 10:41:59+07:00,61.6,100,Sell,374248729
2025-10-03 10:42:22+07:00,61.6,2000,Sell,374249902
2025-10-03 10:42:30+07:00,61.6,200,Sell,374250574
2025-10-03 10:42:41+07:00,61.6,1400,Sell,374251643
2025-10-03 10:43:05+07:00,61.6,300,Sell,374252544
2025-10-03 10:43:05+07:00,61.6,100,Sell,374252543
2025-10-03 10:43:05+07:00,61.6,6100,Sell,374252542
2025-10-03 10:43:05+07:00,61.6,200,Sell,374252541
2025-10-03 10:43:05+07:00,61.6,1000,Sell,374252540
2025-10-03 10:43:05+07:00,61.6,100,Sell,374252537
2025-10-03 10:43:05+07:00,61.6,100,Sell,374252536
2025-10-03 10:43:05+07:00,61.6,1000,Sell,374252539
2025-10-03 10:43:05+07:00,61.6,1000,Sell,374252534
2025-10-03 10:43:05+07:00,61.6,100,Sell,374252535
2025-10-03 10:43:05+07:00,61.6,9100,Sell,374252528
2025-10-03 10:43:05+07:00,61.6,100,Sell,374252529
2025-10-03 10:43:05+07:00,61.6,100,Sell,374252530
2025-10-03 10:43:05+07:00,61.6,800,Sell,374252538
2025-10-03 10:43:05+07:00,61.6,900,Sell,374252532
2025-10-03 10:43:05+07:00,61.6,300,Sell,374252533
2025-10-03 10:43:05+07:00,61.6,1500,Sell,374252531
2025-10-03 10:43:40+07:00,61.5,500,Sell,374254242
2025-10-03 10:44:06+07:00,61.5,200,Sell,374255913
2025-10-03 10:44:06+07:00,61.5,100,Sell,374255912
2025-10-03 10:44:06+07:00,61.5,100,Sell,374255911
2025-10-03 10:44:06+07:00,61.5,500,Sell,374255909
2025-10-03 10:44:06+07:00,61.5,1000,Sell,374255908
2025-10-03 10:44:06+07:00,61.5,100,Sell,374255907
2025-10-03 10:44:06+07:00,61.5,100,Sell,374255910
2025-10-03 10:44:23+07:00,61.5,500,Sell,374256730
2025-10-03 10:44:54+07:00,61.6,500,Buy,374258215
2025-10-03 10:45:19+07:00,61.5,300,Sell,374259454
2025-10-03 10:45:19+07:00,61.5,9700,Sell,374259455
2025-10-03 10:45:33+07:00,61.6,700,Buy,374259986
2025-10-03 10:45:35+07:00,61.5,300,Sell,374260107
2025-10-03 10:45:35+07:00,61.5,200,Sell,374260108
2025-10-03 10:45:45+07:00,61.5,800,Sell,374260421
2025-10-03 10:46:51+07:00,61.5,200,Sell,374263243
2025-10-03 10:46:57+07:00,61.5,300,Sell,374263547
2025-10-03 10:46:57+07:00,61.5,100,Sell,374263552
2025-10-03 10:46:57+07:00,61.5,100,Sell,374263554
2025-10-03 10:46:57+07:00,61.5,100,Sell,374263555
2025-10-03 10:46:57+07:00,61.5,100,Sell,374263565
2025-10-03 10:46:57+07:00,61.5,100,Sell,374263566
2025-10-03 10:46:57+07:00,61.5,100,Sell,374263567
2025-10-03 10:46:57+07:00,61.5,100,Sell,374263553
2025-10-03 10:46:58+07:00,61.5,400,Sell,374263654
2025-10-03 10:46:58+07:00,61.5,200,Sell,374263644
2025-10-03 10:46:58+07:00,61.5,100,Sell,374263653
2025-10-03 10:46:58+07:00,61.5,400,Sell,374263587
2025-10-03 10:46:58+07:00,61.5,100,Sell,374263586
2025-10-03 10:46:58+07:00,61.5,300,Sell,374263579
2025-10-03 10:46:58+07:00,61.5,300,Sell,374263601
2025-10-03 10:46:59+07:00,61.5,100,Sell,374263708
2025-10-03 10:46:59+07:00,61.5,500,Sell,374263710
2025-10-03 10:46:59+07:00,61.5,100,Sell,374263711
2025-10-03 10:47:00+07:00,61.5,600,Sell,374263726
2025-10-03 10:47:00+07:00,61.5,700,Sell,374263765
2025-10-03 10:47:01+07:00,61.5,600,Sell,374263783
2025-10-03 10:47:01+07:00,61.5,100,Sell,374263784
2025-10-03 10:47:02+07:00,61.5,500,Sell,374263944
2025-10-03 10:47:02+07:00,61.5,200,Sell,374263942
2025-10-03 10:47:02+07:00,61.5,300,Sell,374263943
2025-10-03 10:47:02+07:00,61.5,100,Sell,374263829
2025-10-03 10:47:02+07:00,61.5,400,Sell,374263828
2025-10-03 10:47:02+07:00,61.5,300,Sell,374263827
2025-10-03 10:47:02+07:00,61.5,100,Sell,374263830
2025-10-03 10:48:13+07:00,61.5,1000,Sell,374266694
2025-10-03 10:48:24+07:00,61.5,500,Sell,374267359
2025-10-03 10:48:47+07:00,61.6,200,Buy,374268178
2025-10-03 10:49:30+07:00,61.6,100,Buy,374270391
2025-10-03 10:49:35+07:00,61.6,2300,Buy,374270694
2025-10-03 10:49:47+07:00,61.6,5000,Buy,374271311
2025-10-03 10:50:33+07:00,61.6,100,Buy,374272888
2025-10-03 10:51:05+07:00,61.6,700,Buy,374274230
2025-10-03 10:51:22+07:00,61.6,100,Buy,374274911
2025-10-03 10:51:37+07:00,61.6,3000,Buy,374275401
2025-10-03 10:52:25+07:00,61.6,100,Buy,374276826
2025-10-03 10:52:25+07:00,61.6,100,Buy,374276827
2025-10-03 10:52:25+07:00,61.6,500,Buy,374276828
2025-10-03 10:52:25+07:00,61.6,200,Buy,374276824
2025-10-03 10:52:42+07:00,61.5,1000,Sell,374277452
2025-10-03 10:53:10+07:00,61.6,100,Buy,374278712
2025-10-03 10:53:58+07:00,61.6,100,Buy,374281723
2025-10-03 10:54:21+07:00,61.5,500,Sell,374282851
2025-10-03 10:54:22+07:00,61.6,100,Buy,374282952
2025-10-03 10:55:44+07:00,61.5,1600,Sell,374288309
2025-10-03 10:55:44+07:00,61.5,100,Sell,374288311
2025-10-03 10:55:44+07:00,61.5,300,Sell,374288312
