time,price,volume,match_type,id
2025-10-03 10:55:17+07:00,29.65,400,Buy,374286580
2025-10-03 10:55:25+07:00,29.65,400,Buy,374287080
2025-10-03 10:55:28+07:00,29.6,100,Sell,374287281
2025-10-03 10:55:28+07:00,29.6,22600,Sell,374287280
2025-10-03 10:55:28+07:00,29.6,2000,Sell,374287296
2025-10-03 10:55:28+07:00,29.6,200,Sell,374287294
2025-10-03 10:55:28+07:00,29.6,100,Sell,374287293
2025-10-03 10:55:28+07:00,29.6,100,Sell,374287292
2025-10-03 10:55:28+07:00,29.6,100,Sell,374287291
2025-10-03 10:55:28+07:00,29.6,100,Sell,374287290
2025-10-03 10:55:28+07:00,29.6,1000,Sell,374287295
2025-10-03 10:55:28+07:00,29.6,2000,Sell,374287287
2025-10-03 10:55:28+07:00,29.6,100,Sell,374287286
2025-10-03 10:55:28+07:00,29.6,1000,Sell,374287285
2025-10-03 10:55:28+07:00,29.6,100,Sell,374287284
2025-10-03 10:55:28+07:00,29.6,100,Sell,374287282
2025-10-03 10:55:28+07:00,29.6,300,Sell,374287283
2025-10-03 10:55:28+07:00,29.6,100,Sell,374287288
2025-10-03 10:55:29+07:00,29.6,5000,Sell,374287318
2025-10-03 10:55:31+07:00,29.6,3500,Sell,374287459
2025-10-03 10:55:33+07:00,29.6,300,Sell,374287612
2025-10-03 10:55:33+07:00,29.6,20000,Sell,374287640
2025-10-03 10:55:34+07:00,29.65,200,Buy,374287649
2025-10-03 10:55:35+07:00,29.6,100,Sell,374287736
2025-10-03 10:55:35+07:00,29.6,100,Sell,374287735
2025-10-03 10:55:35+07:00,29.6,100,Sell,374287733
2025-10-03 10:55:35+07:00,29.6,100,Sell,374287729
2025-10-03 10:55:35+07:00,29.6,100,Sell,374287731
2025-10-03 10:55:35+07:00,29.6,500,Sell,374287728
2025-10-03 10:55:35+07:00,29.6,1000,Sell,374287723
2025-10-03 10:55:35+07:00,29.6,200,Sell,374287726
2025-10-03 10:55:35+07:00,29.6,100,Sell,374287727
2025-10-03 10:55:35+07:00,29.6,7200,Sell,374287720
2025-10-03 10:55:35+07:00,29.6,300,Sell,374287722
2025-10-03 10:55:35+07:00,29.6,100,Sell,374287725
2025-10-03 10:55:35+07:00,29.6,100,Sell,374287721
2025-10-03 10:55:37+07:00,29.65,3300,Buy,374287825
2025-10-03 10:55:37+07:00,29.6,1000,Sell,374287828
2025-10-03 10:55:39+07:00,29.6,400,Sell,374287942
2025-10-03 10:55:49+07:00,29.65,100,Buy,374288561
2025-10-03 10:55:56+07:00,29.65,100,Buy,374289381
2025-10-03 10:55:59+07:00,29.65,4900,Buy,374289769
2025-10-03 10:55:59+07:00,29.65,100,Buy,374289770
2025-10-03 10:56:02+07:00,29.6,600,Sell,374289958
2025-10-03 10:56:02+07:00,29.6,400,Sell,374289959
2025-10-03 10:56:03+07:00,29.6,100,Sell,374290005
2025-10-03 10:56:07+07:00,29.6,500,Sell,374290681
2025-10-03 10:56:07+07:00,29.6,500,Sell,374290677
2025-10-03 10:56:07+07:00,29.6,200,Sell,374290678
2025-10-03 10:56:07+07:00,29.6,1000,Sell,374290680
2025-10-03 10:56:07+07:00,29.6,100,Sell,374290682
2025-10-03 10:56:07+07:00,29.6,200,Sell,374290684
2025-10-03 10:56:07+07:00,29.6,4500,Sell,374290686
2025-10-03 10:56:07+07:00,29.6,500,Sell,374290683
2025-10-03 10:56:07+07:00,29.6,500,Sell,374290685
2025-10-03 10:56:09+07:00,29.6,800,Sell,374290796
2025-10-03 10:56:18+07:00,29.6,200,Sell,374291531
2025-10-03 10:56:24+07:00,29.6,20000,Sell,374291965
2025-10-03 10:56:27+07:00,29.6,2000,Sell,374292208
2025-10-03 10:56:29+07:00,29.6,10000,Sell,374292329
2025-10-03 10:56:29+07:00,29.6,200,Sell,374292335
2025-10-03 10:56:30+07:00,29.6,1000,Sell,374292382
2025-10-03 10:56:30+07:00,29.6,300,Sell,374292384
2025-10-03 10:56:32+07:00,29.6,100,Sell,374292533
2025-10-03 10:56:34+07:00,29.65,300,Buy,374292666
2025-10-03 10:56:34+07:00,29.65,100,Buy,374292665
2025-10-03 10:56:34+07:00,29.65,100,Buy,374292664
2025-10-03 10:56:34+07:00,29.65,200,Buy,374292661
2025-10-03 10:56:34+07:00,29.65,500,Buy,374292662
2025-10-03 10:56:34+07:00,29.65,1100,Buy,374292663
2025-10-03 10:56:34+07:00,29.65,100,Buy,374292658
2025-10-03 10:56:43+07:00,29.65,8700,Buy,374293519
2025-10-03 10:56:43+07:00,29.65,100,Buy,374293520
2025-10-03 10:56:43+07:00,29.65,1000,Buy,374293521
2025-10-03 10:56:43+07:00,29.65,800,Buy,374293522
2025-10-03 10:56:44+07:00,29.65,300,Buy,374293705
2025-10-03 10:56:45+07:00,29.6,1000,Sell,374293798
2025-10-03 10:56:46+07:00,29.6,100,Sell,374293821
2025-10-03 10:56:47+07:00,29.6,10000,Sell,374293872
2025-10-03 10:56:48+07:00,29.6,1100,Sell,374294081
2025-10-03 10:56:48+07:00,29.65,900,Buy,374294053
2025-10-03 10:56:48+07:00,29.65,500,Buy,374294051
2025-10-03 10:56:48+07:00,29.65,100,Buy,374294050
2025-10-03 10:56:48+07:00,29.65,2000,Buy,374294049
2025-10-03 10:56:48+07:00,29.65,3600,Buy,374294052
2025-10-03 10:56:48+07:00,29.65,200,Buy,374294047
2025-10-03 10:56:48+07:00,29.65,100,Buy,374294046
2025-10-03 10:56:48+07:00,29.65,1500,Buy,374294044
2025-10-03 10:56:48+07:00,29.65,700,Buy,374294043
2025-10-03 10:56:48+07:00,29.6,1000,Sell,374293996
2025-10-03 10:56:48+07:00,29.65,200,Buy,374293917
2025-10-03 10:56:48+07:00,29.65,100,Buy,374294048
2025-10-03 10:56:50+07:00,29.65,2100,Buy,374294183
2025-10-03 10:56:50+07:00,29.65,2000,Buy,374294184
2025-10-03 10:56:50+07:00,29.65,2000,Buy,374294185
2025-10-03 10:56:50+07:00,29.65,200,Buy,374294187
2025-10-03 10:56:50+07:00,29.65,500,Buy,374294188
2025-10-03 10:56:50+07:00,29.65,500,Buy,374294190
2025-10-03 10:56:50+07:00,29.65,500,Buy,374294191
2025-10-03 10:56:50+07:00,29.65,2800,Buy,374294192
