time,price,volume,match_type,id
2025-10-03 10:13:59+07:00,26.9,1500,Sell,374191408
2025-10-03 10:14:27+07:00,26.9,2000,Sell,374192597
2025-10-03 10:15:13+07:00,26.9,5000,Sell,374194257
2025-10-03 10:15:16+07:00,26.9,5000,Sell,374194363
2025-10-03 10:15:20+07:00,26.9,5500,Sell,374194477
2025-10-03 10:15:22+07:00,26.9,10700,Sell,374194519
2025-10-03 10:15:22+07:00,26.9,100,Sell,374194520
2025-10-03 10:15:22+07:00,26.9,1000,Sell,374194521
2025-10-03 10:15:22+07:00,26.9,200,Sell,374194522
2025-10-03 10:15:22+07:00,26.9,2500,Sell,374194523
2025-10-03 10:15:29+07:00,26.9,200,Buy,374195192
2025-10-03 10:15:44+07:00,26.9,100,Buy,374195660
2025-10-03 10:15:51+07:00,26.9,200,Buy,374195839
2025-10-03 10:15:54+07:00,26.85,4900,Sell,374195946
2025-10-03 10:15:54+07:00,26.85,100,Sell,374195945
2025-10-03 10:15:59+07:00,26.9,1000,Buy,374196207
2025-10-03 10:16:22+07:00,26.85,100,Sell,374196911
2025-10-03 10:16:22+07:00,26.85,100,Sell,374196913
2025-10-03 10:16:22+07:00,26.85,500,Sell,374197008
2025-10-03 10:16:22+07:00,26.85,100,Sell,374197009
2025-10-03 10:16:34+07:00,26.9,500,Buy,374197533
2025-10-03 10:16:36+07:00,26.85,100,Sell,374197603
2025-10-03 10:16:36+07:00,26.85,900,Sell,374197604
2025-10-03 10:16:52+07:00,26.85,100,Sell,374198451
2025-10-03 10:16:52+07:00,26.85,700,Sell,374198454
2025-10-03 10:17:03+07:00,26.9,100,Buy,374198831
2025-10-03 10:17:22+07:00,26.85,100,Sell,374199669
2025-10-03 10:17:46+07:00,26.85,500,Sell,374201120
2025-10-03 10:17:50+07:00,26.9,4800,Buy,374201352
2025-10-03 10:18:56+07:00,26.9,100,Buy,374204554
2025-10-03 10:19:01+07:00,26.9,100,Buy,374204761
2025-10-03 10:20:07+07:00,26.9,800,Buy,374207784
2025-10-03 10:20:15+07:00,26.9,100,Buy,374208316
2025-10-03 10:20:19+07:00,26.9,800,Buy,374208584
2025-10-03 10:20:46+07:00,26.9,2000,Buy,374210007
2025-10-03 10:20:52+07:00,26.9,5000,Buy,374210218
2025-10-03 10:20:52+07:00,26.9,2000,Buy,374210217
2025-10-03 10:20:52+07:00,26.9,5000,Buy,374210214
2025-10-03 10:20:52+07:00,26.9,3200,Buy,374210213
2025-10-03 10:20:52+07:00,26.9,500,Buy,374210215
2025-10-03 10:20:52+07:00,26.9,1100,Buy,374210216
2025-10-03 10:20:54+07:00,26.9,2000,Sell,374210288
2025-10-03 10:20:59+07:00,26.95,800,Buy,374210658
2025-10-03 10:21:05+07:00,26.95,200,Buy,374211070
2025-10-03 10:21:52+07:00,26.95,2000,Buy,374212957
2025-10-03 10:22:07+07:00,26.95,100,Buy,374213498
2025-10-03 10:22:12+07:00,26.95,500,Buy,374213716
2025-10-03 10:22:14+07:00,26.95,800,Buy,374213790
2025-10-03 10:22:23+07:00,26.95,100,Buy,374214181
2025-10-03 10:22:41+07:00,26.9,1200,Sell,374214975
2025-10-03 10:22:41+07:00,26.9,400,Sell,374214976
2025-10-03 10:22:41+07:00,26.9,400,Sell,374214977
2025-10-03 10:23:16+07:00,26.9,600,Sell,374216017
2025-10-03 10:23:16+07:00,26.9,100,Sell,374216018
2025-10-03 10:23:30+07:00,26.9,200,Buy,374216435
2025-10-03 10:23:43+07:00,26.9,1100,Buy,374216786
2025-10-03 10:23:46+07:00,26.9,200,Sell,374216837
2025-10-03 10:24:27+07:00,26.95,200,Buy,374217878
2025-10-03 10:25:09+07:00,26.95,100,Buy,374218950
2025-10-03 10:25:33+07:00,26.95,900,Buy,374219570
2025-10-03 10:25:36+07:00,26.9,100,Sell,374219651
2025-10-03 10:25:53+07:00,26.9,1000,Sell,374220077
2025-10-03 10:25:55+07:00,26.95,300,Buy,374220114
2025-10-03 10:25:55+07:00,26.95,700,Buy,374220115
2025-10-03 10:26:35+07:00,26.95,1000,Buy,374220883
2025-10-03 10:26:35+07:00,26.95,300,Buy,374220882
2025-10-03 10:26:35+07:00,26.95,200,Buy,374220881
2025-10-03 10:26:35+07:00,26.95,500,Buy,374220877
2025-10-03 10:26:35+07:00,26.95,2000,Buy,374220878
2025-10-03 10:26:35+07:00,26.95,5000,Buy,374220880
2025-10-03 10:26:35+07:00,26.95,300,Buy,374220876
2025-10-03 10:26:48+07:00,27.0,200,Buy,374221174
2025-10-03 10:27:05+07:00,27.0,1000,Buy,374221498
2025-10-03 10:27:25+07:00,27.0,300,Buy,374222012
2025-10-03 10:28:26+07:00,26.95,3900,Sell,374223336
2025-10-03 10:28:58+07:00,26.95,100,Sell,374224082
2025-10-03 10:29:37+07:00,26.95,1000,Sell,374224985
2025-10-03 10:29:52+07:00,26.95,200,Sell,374225392
2025-10-03 10:30:04+07:00,26.95,1000,Sell,374225794
2025-10-03 10:30:17+07:00,26.95,400,Sell,374226110
2025-10-03 10:30:17+07:00,26.95,500,Sell,374226112
2025-10-03 10:30:21+07:00,26.95,100,Buy,374226183
2025-10-03 10:30:24+07:00,26.95,400,Sell,374226272
2025-10-03 10:30:25+07:00,26.95,200,Buy,374226371
2025-10-03 10:30:54+07:00,26.95,1000,Buy,374227416
2025-10-03 10:31:21+07:00,26.95,100,Buy,374228276
2025-10-03 10:31:22+07:00,26.95,500,Buy,374228290
2025-10-03 10:31:31+07:00,26.9,200,Sell,374228464
2025-10-03 10:31:36+07:00,26.95,500,Buy,374228665
2025-10-03 10:31:39+07:00,26.95,47300,Buy,374228747
2025-10-03 10:31:39+07:00,26.95,1500,Buy,374228748
2025-10-03 10:31:48+07:00,26.95,1200,Sell,374229040
2025-10-03 10:32:05+07:00,26.95,300,Buy,374229573
2025-10-03 10:32:54+07:00,26.95,200,Sell,374231047
2025-10-03 10:33:34+07:00,26.95,300,Sell,374232185
2025-10-03 10:35:24+07:00,26.95,200,Sell,374235402
2025-10-03 10:35:29+07:00,26.95,2100,Sell,374235503
2025-10-03 10:35:36+07:00,27.0,300,Buy,374235774
2025-10-03 10:35:48+07:00,27.0,100,Buy,374236125
2025-10-03 10:35:59+07:00,27.0,100,Buy,374236589
