time,price,volume,match_type,id
2025-10-03 10:47:02+07:00,37.45,100,Sell,374263894
2025-10-03 10:47:02+07:00,37.45,4700,Sell,374263916
2025-10-03 10:47:02+07:00,37.45,100,Sell,374263917
2025-10-03 10:47:02+07:00,37.45,100,Sell,374263918
2025-10-03 10:47:02+07:00,37.45,200,Sell,374263920
2025-10-03 10:47:02+07:00,37.45,100,Sell,374263921
2025-10-03 10:47:02+07:00,37.45,200,Sell,374263922
2025-10-03 10:47:02+07:00,37.45,1000,Sell,374263923
2025-10-03 10:47:02+07:00,37.45,200,Sell,374263924
2025-10-03 10:47:02+07:00,37.45,100,Sell,374263925
2025-10-03 10:47:02+07:00,37.45,100,Sell,374263927
2025-10-03 10:47:02+07:00,37.45,3400,Sell,374263928
2025-10-03 10:47:02+07:00,37.45,5000,Sell,374263929
2025-10-03 10:47:02+07:00,37.45,200,Sell,374263930
2025-10-03 10:47:02+07:00,37.45,500,Sell,374263931
2025-10-03 10:47:02+07:00,37.45,100,Sell,374263932
2025-10-03 10:47:02+07:00,37.45,1200,Sell,374263915
2025-10-03 10:47:02+07:00,37.45,2800,Sell,374263914
2025-10-03 10:47:02+07:00,37.45,100,Sell,374263919
2025-10-03 10:47:02+07:00,37.45,100,Sell,374263912
2025-10-03 10:47:02+07:00,37.45,500,Sell,374263896
2025-10-03 10:47:02+07:00,37.45,500,Sell,374263897
2025-10-03 10:47:02+07:00,37.45,100,Sell,374263913
2025-10-03 10:47:02+07:00,37.45,3400,Sell,374263899
2025-10-03 10:47:02+07:00,37.45,100,Sell,374263900
2025-10-03 10:47:02+07:00,37.45,1100,Sell,374263901
2025-10-03 10:47:02+07:00,37.45,2000,Sell,374263902
2025-10-03 10:47:02+07:00,37.45,100,Sell,374263903
2025-10-03 10:47:02+07:00,37.45,1000,Sell,374263898
2025-10-03 10:47:02+07:00,37.45,100,Sell,374263905
2025-10-03 10:47:02+07:00,37.45,100,Sell,374263904
2025-10-03 10:47:02+07:00,37.45,200,Sell,374263911
2025-10-03 10:47:02+07:00,37.45,50000,Sell,374263910
2025-10-03 10:47:02+07:00,37.45,3400,Sell,374263909
2025-10-03 10:47:02+07:00,37.45,3000,Sell,374263895
2025-10-03 10:47:02+07:00,37.45,300,Sell,374263907
2025-10-03 10:47:02+07:00,37.45,2000,Sell,374263906
2025-10-03 10:47:02+07:00,37.45,100,Sell,374263908
2025-10-03 10:47:07+07:00,37.45,100,Buy,374264133
2025-10-03 10:47:07+07:00,37.45,500,Buy,374264155
2025-10-03 10:47:08+07:00,37.45,100,Buy,374264168
2025-10-03 10:47:12+07:00,37.45,3000,Buy,374264354
2025-10-03 10:47:12+07:00,37.45,100,Buy,374264386
2025-10-03 10:47:16+07:00,37.45,100,Buy,374264496
2025-10-03 10:47:17+07:00,37.45,100,Buy,374264549
2025-10-03 10:47:18+07:00,37.45,100,Buy,374264576
2025-10-03 10:47:18+07:00,37.45,1000,Buy,374264577
2025-10-03 10:47:19+07:00,37.4,100,Sell,374264589
2025-10-03 10:47:19+07:00,37.4,200,Sell,374264590
2025-10-03 10:47:20+07:00,37.45,100,Buy,374264621
2025-10-03 10:47:20+07:00,37.4,300,Sell,374264642
2025-10-03 10:47:20+07:00,37.4,100,Sell,374264644
2025-10-03 10:47:20+07:00,37.4,300,Sell,374264645
2025-10-03 10:47:20+07:00,37.4,100,Sell,374264643
2025-10-03 10:47:28+07:00,37.4,100,Sell,374264901
2025-10-03 10:47:28+07:00,37.4,1000,Sell,374264900
2025-10-03 10:47:28+07:00,37.4,500,Sell,374264899
2025-10-03 10:47:28+07:00,37.4,100,Sell,374264902
2025-10-03 10:47:28+07:00,37.4,100,Sell,374264897
2025-10-03 10:47:28+07:00,37.4,400,Sell,374264896
2025-10-03 10:47:28+07:00,37.4,5000,Sell,374264895
2025-10-03 10:47:28+07:00,37.4,700,Sell,374264892
2025-10-03 10:47:28+07:00,37.4,100,Sell,374264898
2025-10-03 10:47:32+07:00,37.4,1800,Sell,374265061
2025-10-03 10:47:32+07:00,37.4,100,Sell,374265060
2025-10-03 10:47:32+07:00,37.4,100,Sell,374265059
2025-10-03 10:47:32+07:00,37.4,2000,Sell,374265058
2025-10-03 10:47:32+07:00,37.4,100,Sell,374265057
2025-10-03 10:47:32+07:00,37.4,700,Sell,374265056
2025-10-03 10:47:32+07:00,37.4,100,Sell,374265055
2025-10-03 10:47:32+07:00,37.4,100,Sell,374265054
2025-10-03 10:47:32+07:00,37.4,100,Sell,374265051
2025-10-03 10:47:32+07:00,37.4,2000,Sell,374265049
2025-10-03 10:47:32+07:00,37.4,500,Sell,374265050
2025-10-03 10:47:32+07:00,37.4,42600,Sell,374265044
2025-10-03 10:47:32+07:00,37.4,2000,Sell,374265042
2025-10-03 10:47:32+07:00,37.4,400,Sell,374265041
2025-10-03 10:47:32+07:00,37.4,500,Sell,374265040
2025-10-03 10:47:32+07:00,37.4,1000,Sell,374265039
2025-10-03 10:47:32+07:00,37.4,1000,Sell,374265038
2025-10-03 10:47:32+07:00,37.4,3000,Sell,374265037
2025-10-03 10:47:32+07:00,37.4,200,Sell,374265036
2025-10-03 10:47:32+07:00,37.4,200,Sell,374265035
2025-10-03 10:47:32+07:00,37.4,100,Sell,374265033
2025-10-03 10:47:32+07:00,37.4,700,Sell,374265030
2025-10-03 10:47:32+07:00,37.4,100,Sell,374265047
2025-10-03 10:47:33+07:00,37.4,400,Sell,374265128
2025-10-03 10:47:33+07:00,37.4,100,Sell,374265125
2025-10-03 10:47:33+07:00,37.4,200,Sell,374265123
2025-10-03 10:47:33+07:00,37.4,300,Sell,374265127
2025-10-03 10:47:38+07:00,37.4,600,Sell,374265242
2025-10-03 10:47:38+07:00,37.4,100,Sell,374265244
2025-10-03 10:47:38+07:00,37.4,100,Sell,374265245
2025-10-03 10:47:38+07:00,37.4,200,Sell,374265246
2025-10-03 10:47:38+07:00,37.4,3000,Sell,374265247
2025-10-03 10:47:38+07:00,37.4,200,Sell,374265248
2025-10-03 10:47:38+07:00,37.4,100,Sell,374265250
2025-10-03 10:47:38+07:00,37.4,400,Sell,374265251
2025-10-03 10:47:38+07:00,37.4,100,Sell,374265252
2025-10-03 10:47:38+07:00,37.4,200,Sell,374265253
