time,price,volume,match_type,id
2025-10-03 10:35:23+07:00,26.45,200,Sell,374235366
2025-10-03 10:35:23+07:00,26.45,200,Sell,374235367
2025-10-03 10:35:23+07:00,26.45,9500,Sell,374235368
2025-10-03 10:35:24+07:00,26.45,100,Sell,374235392
2025-10-03 10:35:47+07:00,26.45,1000,Sell,374236067
2025-10-03 10:35:52+07:00,26.5,200,Buy,374236379
2025-10-03 10:35:52+07:00,26.5,5000,Buy,374236380
2025-10-03 10:35:52+07:00,26.5,1400,Buy,374236381
2025-10-03 10:36:03+07:00,26.5,100,Buy,374236727
2025-10-03 10:36:04+07:00,26.5,100,Buy,374236731
2025-10-03 10:36:06+07:00,26.5,500,Buy,374236776
2025-10-03 10:36:08+07:00,26.45,900,Sell,374236797
2025-10-03 10:36:22+07:00,26.45,5000,Sell,374237248
2025-10-03 10:36:22+07:00,26.45,100,Sell,374237252
2025-10-03 10:36:22+07:00,26.45,100,Sell,374237249
2025-10-03 10:36:22+07:00,26.45,1000,Sell,374237250
2025-10-03 10:36:22+07:00,26.45,100,Sell,374237251
2025-10-03 10:36:22+07:00,26.45,200,Sell,374237247
2025-10-03 10:36:22+07:00,26.45,300,Sell,374237253
2025-10-03 10:36:22+07:00,26.45,100,Sell,374237258
2025-10-03 10:36:22+07:00,26.45,1000,Sell,374237255
2025-10-03 10:36:22+07:00,26.45,500,Sell,374237256
2025-10-03 10:36:22+07:00,26.45,100,Sell,374237257
2025-10-03 10:36:22+07:00,26.45,100,Sell,374237246
2025-10-03 10:36:22+07:00,26.45,100,Sell,374237259
2025-10-03 10:36:22+07:00,26.45,500,Sell,374237260
2025-10-03 10:36:22+07:00,26.45,100,Sell,374237261
2025-10-03 10:36:22+07:00,26.45,100,Sell,374237263
2025-10-03 10:36:22+07:00,26.45,1000,Sell,374237254
2025-10-03 10:36:22+07:00,26.45,10000,Sell,374237245
2025-10-03 10:36:22+07:00,26.45,1000,Sell,374237240
2025-10-03 10:36:22+07:00,26.45,10000,Sell,374237243
2025-10-03 10:36:22+07:00,26.45,4500,Sell,374237226
2025-10-03 10:36:22+07:00,26.45,200,Sell,374237227
2025-10-03 10:36:22+07:00,26.45,3000,Sell,374237228
2025-10-03 10:36:22+07:00,26.45,3000,Sell,374237229
2025-10-03 10:36:22+07:00,26.45,100,Sell,374237230
2025-10-03 10:36:22+07:00,26.45,100,Sell,374237231
2025-10-03 10:36:22+07:00,26.45,500,Sell,374237232
2025-10-03 10:36:22+07:00,26.45,500,Sell,374237244
2025-10-03 10:36:22+07:00,26.45,200,Sell,374237233
2025-10-03 10:36:22+07:00,26.45,200,Sell,374237235
2025-10-03 10:36:22+07:00,26.45,100,Sell,374237236
2025-10-03 10:36:22+07:00,26.45,500,Sell,374237237
2025-10-03 10:36:22+07:00,26.45,20000,Sell,374237238
2025-10-03 10:36:22+07:00,26.45,10000,Sell,374237264
2025-10-03 10:36:22+07:00,26.45,1000,Sell,374237241
2025-10-03 10:36:22+07:00,26.45,100,Sell,374237242
2025-10-03 10:36:22+07:00,26.45,100,Sell,374237234
2025-10-03 10:36:22+07:00,26.45,200,Sell,374237239
2025-10-03 10:36:22+07:00,26.45,24300,Sell,374237265
2025-10-03 10:36:32+07:00,26.45,100,Sell,374237521
2025-10-03 10:36:36+07:00,26.5,1300,Buy,374237632
2025-10-03 10:36:51+07:00,26.5,300,Buy,374238002
2025-10-03 10:36:55+07:00,26.45,3000,Sell,374238142
2025-10-03 10:37:01+07:00,26.5,12000,Buy,374238342
2025-10-03 10:37:06+07:00,26.45,100,Sell,374238480
2025-10-03 10:37:11+07:00,26.5,200,Buy,374238631
2025-10-03 10:37:11+07:00,26.45,60100,Sell,374238638
2025-10-03 10:37:14+07:00,26.45,8000,Sell,374238707
2025-10-03 10:37:28+07:00,26.45,500,Sell,374239204
2025-10-03 10:37:28+07:00,26.45,100,Sell,374239203
2025-10-03 10:37:28+07:00,26.45,4400,Sell,374239201
2025-10-03 10:37:28+07:00,26.45,5000,Sell,374239202
2025-10-03 10:37:31+07:00,26.45,1200,Sell,374239323
2025-10-03 10:37:31+07:00,26.45,500,Sell,374239334
2025-10-03 10:37:31+07:00,26.45,9500,Sell,374239335
2025-10-03 10:37:43+07:00,26.5,1300,Buy,374239784
2025-10-03 10:37:49+07:00,26.45,300,Sell,374239895
2025-10-03 10:37:51+07:00,26.5,100,Buy,374239975
2025-10-03 10:38:03+07:00,26.5,100,Buy,374240445
2025-10-03 10:38:04+07:00,26.45,600,Sell,374240505
2025-10-03 10:38:04+07:00,26.45,200,Sell,374240503
2025-10-03 10:38:04+07:00,26.45,1000,Sell,374240504
2025-10-03 10:38:04+07:00,26.45,400,Sell,374240501
2025-10-03 10:38:04+07:00,26.45,400,Sell,374240500
2025-10-03 10:38:04+07:00,26.45,200,Sell,374240499
2025-10-03 10:38:04+07:00,26.45,200,Sell,374240502
2025-10-03 10:38:16+07:00,26.45,100,Sell,374240783
2025-10-03 10:38:16+07:00,26.45,100,Sell,374240784
2025-10-03 10:38:16+07:00,26.45,200,Sell,374240785
2025-10-03 10:38:16+07:00,26.45,600,Sell,374240786
2025-10-03 10:38:46+07:00,26.45,200,Sell,374241431
2025-10-03 10:38:54+07:00,26.45,1300,Sell,374241649
2025-10-03 10:38:56+07:00,26.45,600,Sell,374241721
2025-10-03 10:38:57+07:00,26.5,100,Buy,374241765
2025-10-03 10:38:59+07:00,26.5,300,Buy,374241845
2025-10-03 10:39:19+07:00,26.45,7300,Sell,374242398
2025-10-03 10:39:19+07:00,26.45,700,Sell,374242399
2025-10-03 10:39:30+07:00,26.45,300,Sell,374242617
2025-10-03 10:39:31+07:00,26.5,900,Buy,374242700
2025-10-03 10:39:40+07:00,26.45,10000,Sell,374243121
2025-10-03 10:39:42+07:00,26.5,500,Buy,374243220
2025-10-03 10:39:46+07:00,26.45,1000,Sell,374243371
2025-10-03 10:39:49+07:00,26.45,3000,Sell,374243416
2025-10-03 10:39:49+07:00,26.45,3000,Sell,374243417
2025-10-03 10:39:49+07:00,26.45,1000,Sell,374243418
2025-10-03 10:39:49+07:00,26.45,2000,Sell,374243419
2025-10-03 10:39:49+07:00,26.45,1000,Sell,374243420
2025-10-03 10:39:54+07:00,26.5,200,Buy,374243551
