time,price,volume,match_type,id
2025-10-03 10:28:06+07:00,33.55,400,Sell,374222868
2025-10-03 10:28:16+07:00,33.55,500,Sell,374223114
2025-10-03 10:28:16+07:00,33.55,300,Sell,374223113
2025-10-03 10:28:16+07:00,33.55,100,Sell,374223112
2025-10-03 10:28:16+07:00,33.55,1600,Sell,374223096
2025-10-03 10:28:16+07:00,33.55,200,Sell,374223110
2025-10-03 10:28:16+07:00,33.55,3000,Sell,374223107
2025-10-03 10:28:16+07:00,33.55,2000,Sell,374223111
2025-10-03 10:28:16+07:00,33.55,500,Sell,374223109
2025-10-03 10:28:25+07:00,33.55,500,Buy,374223299
2025-10-03 10:28:36+07:00,33.55,1000,Buy,374223570
2025-10-03 10:28:45+07:00,33.55,100,Buy,374223750
2025-10-03 10:28:57+07:00,33.55,100,Buy,374224042
2025-10-03 10:29:01+07:00,33.55,500,Buy,374224171
2025-10-03 10:29:30+07:00,33.55,100,Buy,374224826
2025-10-03 10:29:40+07:00,33.55,200,Buy,374225069
2025-10-03 10:30:18+07:00,33.55,100,Buy,374226129
2025-10-03 10:30:18+07:00,33.55,200,Sell,374226144
2025-10-03 10:30:25+07:00,33.55,100,Buy,374226388
2025-10-03 10:30:45+07:00,33.55,100,Buy,374227091
2025-10-03 10:30:49+07:00,33.55,300,Buy,374227264
2025-10-03 10:31:09+07:00,33.55,200,Sell,374227841
2025-10-03 10:31:24+07:00,33.55,100,Buy,374228319
2025-10-03 10:31:28+07:00,33.55,100,Buy,374228414
2025-10-03 10:31:54+07:00,33.55,200,Buy,374229227
2025-10-03 10:32:00+07:00,33.55,200,Buy,374229449
2025-10-03 10:32:01+07:00,33.55,300,Sell,374229476
2025-10-03 10:32:04+07:00,33.5,700,Sell,374229560
2025-10-03 10:32:04+07:00,33.5,300,Sell,374229561
2025-10-03 10:32:20+07:00,33.55,300,Buy,374230027
2025-10-03 10:32:31+07:00,33.55,200,Buy,374230415
2025-10-03 10:32:32+07:00,33.55,800,Sell,374230433
2025-10-03 10:32:55+07:00,33.6,600,Buy,374231138
2025-10-03 10:32:55+07:00,33.6,4400,Buy,374231139
2025-10-03 10:32:59+07:00,33.55,800,Sell,374231204
2025-10-03 10:33:26+07:00,33.55,700,Sell,374231963
2025-10-03 10:33:53+07:00,33.55,700,Sell,374232704
2025-10-03 10:34:20+07:00,33.55,400,Sell,374233572
2025-10-03 10:34:20+07:00,33.55,400,Sell,374233571
2025-10-03 10:34:47+07:00,33.55,100,Sell,374234268
2025-10-03 10:34:47+07:00,33.55,100,Sell,374234270
2025-10-03 10:34:47+07:00,33.55,300,Sell,374234271
2025-10-03 10:34:47+07:00,33.55,200,Sell,374234269
2025-10-03 10:34:52+07:00,33.55,1700,Sell,374234377
2025-10-03 10:34:55+07:00,33.55,3600,Buy,374234463
2025-10-03 10:35:18+07:00,33.55,700,Buy,374235200
2025-10-03 10:35:18+07:00,33.55,800,Sell,374235202
2025-10-03 10:35:37+07:00,33.55,1000,Sell,374235795
2025-10-03 10:35:41+07:00,33.55,1100,Sell,374235948
2025-10-03 10:35:41+07:00,33.55,1300,Sell,374235949
2025-10-03 10:35:54+07:00,33.5,200,Sell,374236443
2025-10-03 10:35:56+07:00,33.55,100,Buy,374236508
2025-10-03 10:35:57+07:00,33.55,100,Buy,374236512
2025-10-03 10:36:27+07:00,33.55,100,Buy,374237357
2025-10-03 10:36:48+07:00,33.55,1100,Buy,374237961
2025-10-03 10:36:49+07:00,33.55,100,Buy,374237980
2025-10-03 10:36:49+07:00,33.55,200,Buy,374237983
2025-10-03 10:36:52+07:00,33.55,500,Buy,374238054
2025-10-03 10:37:38+07:00,33.55,500,Buy,374239629
2025-10-03 10:38:04+07:00,33.55,900,Buy,374240471
2025-10-03 10:38:04+07:00,33.55,400,Buy,374240472
2025-10-03 10:38:04+07:00,33.55,800,Sell,374240491
2025-10-03 10:38:31+07:00,33.55,800,Sell,374241155
2025-10-03 10:38:46+07:00,33.55,200,Sell,374241428
2025-10-03 10:38:46+07:00,33.55,100,Sell,374241427
2025-10-03 10:38:46+07:00,33.55,1100,Sell,374241426
2025-10-03 10:38:55+07:00,33.55,4600,Buy,374241695
2025-10-03 10:38:58+07:00,33.55,400,Sell,374241801
2025-10-03 10:39:05+07:00,33.55,400,Buy,374242039
2025-10-03 10:39:06+07:00,33.6,1500,Buy,374242054
2025-10-03 10:39:06+07:00,33.6,2000,Buy,374242055
2025-10-03 10:39:06+07:00,33.6,1000,Buy,374242056
2025-10-03 10:39:06+07:00,33.6,100,Buy,374242057
2025-10-03 10:39:06+07:00,33.6,400,Buy,374242058
2025-10-03 10:39:25+07:00,33.55,400,Sell,374242503
2025-10-03 10:39:52+07:00,33.55,100,Sell,374243511
2025-10-03 10:39:52+07:00,33.55,700,Sell,374243510
2025-10-03 10:40:19+07:00,33.55,200,Sell,374244445
2025-10-03 10:40:19+07:00,33.55,500,Sell,374244446
2025-10-03 10:40:46+07:00,33.55,800,Sell,374245235
2025-10-03 10:41:11+07:00,33.6,100,Buy,374246393
2025-10-03 10:41:13+07:00,33.55,700,Sell,374246448
2025-10-03 10:41:13+07:00,33.55,100,Sell,374246450
2025-10-03 10:41:28+07:00,33.6,100,Buy,374247533
2025-10-03 10:41:35+07:00,33.6,200,Buy,374247828
2025-10-03 10:41:35+07:00,33.6,700,Buy,374247829
2025-10-03 10:41:44+07:00,33.6,1500,Sell,374248054
2025-10-03 10:41:52+07:00,33.7,700,Buy,374248415
2025-10-03 10:41:52+07:00,33.7,800,Buy,374248414
2025-10-03 10:41:52+07:00,33.7,5000,Buy,374248412
2025-10-03 10:41:52+07:00,33.7,2300,Buy,374248411
2025-10-03 10:41:52+07:00,33.7,500,Buy,374248413
2025-10-03 10:41:53+07:00,33.7,700,Sell,374248425
2025-10-03 10:41:53+07:00,33.6,9300,Sell,374248426
2025-10-03 10:41:57+07:00,33.6,2000,Sell,374248654
2025-10-03 10:42:36+07:00,33.6,1000,Sell,374251123
2025-10-03 10:42:43+07:00,33.6,800,Sell,374251693
2025-10-03 10:43:07+07:00,33.6,200,Sell,374252607
2025-10-03 10:43:10+07:00,33.6,700,Sell,374252747
2025-10-03 10:43:10+07:00,33.6,1700,Sell,374252769
