time,price,volume,match_type,id
2025-10-03 10:43:44+07:00,38.35,100,Sell,374254408
2025-10-03 10:43:44+07:00,38.35,6100,Sell,374254419
2025-10-03 10:43:44+07:00,38.35,5000,Sell,374254418
2025-10-03 10:43:44+07:00,38.35,200,Sell,374254417
2025-10-03 10:43:44+07:00,38.35,100,Sell,374254416
2025-10-03 10:43:44+07:00,38.35,500,Sell,374254415
2025-10-03 10:43:44+07:00,38.35,200,Sell,374254409
2025-10-03 10:43:44+07:00,38.35,2000,Sell,374254413
2025-10-03 10:43:44+07:00,38.35,5000,Sell,374254412
2025-10-03 10:43:44+07:00,38.35,1000,Sell,374254411
2025-10-03 10:43:44+07:00,38.35,500,Sell,374254410
2025-10-03 10:43:44+07:00,38.35,100,Sell,374254414
2025-10-03 10:43:56+07:00,38.35,700,Sell,374254919
2025-10-03 10:43:56+07:00,38.35,100,Sell,374254921
2025-10-03 10:43:56+07:00,38.35,200,Sell,374254922
2025-10-03 10:44:11+07:00,38.35,600,Sell,374256121
2025-10-03 10:44:11+07:00,38.35,200,Sell,374256122
2025-10-03 10:44:11+07:00,38.35,1200,Sell,374256123
2025-10-03 10:44:14+07:00,38.35,1700,Sell,374256211
2025-10-03 10:44:14+07:00,38.35,100,Sell,374256209
2025-10-03 10:44:14+07:00,38.35,1500,Sell,374256207
2025-10-03 10:44:14+07:00,38.35,5000,Sell,374256203
2025-10-03 10:44:14+07:00,38.35,100,Sell,374256204
2025-10-03 10:44:14+07:00,38.35,1000,Sell,374256200
2025-10-03 10:44:14+07:00,38.35,100,Sell,374256202
2025-10-03 10:44:14+07:00,38.35,5000,Sell,374256199
2025-10-03 10:44:14+07:00,38.35,300,Sell,374256198
2025-10-03 10:44:14+07:00,38.35,100,Sell,374256197
2025-10-03 10:44:14+07:00,38.35,100,Sell,374256196
2025-10-03 10:44:15+07:00,38.35,1400,Sell,374256255
2025-10-03 10:44:15+07:00,38.35,300,Sell,374256252
2025-10-03 10:44:15+07:00,38.35,100,Sell,374256253
2025-10-03 10:44:15+07:00,38.35,100,Sell,374256254
2025-10-03 10:44:37+07:00,38.4,300,Buy,374257454
2025-10-03 10:44:37+07:00,38.4,1300,Buy,374257455
2025-10-03 10:44:38+07:00,38.4,300,Buy,374257488
2025-10-03 10:44:38+07:00,38.35,1700,Sell,374257477
2025-10-03 10:44:38+07:00,38.35,100,Sell,374257476
2025-10-03 10:44:38+07:00,38.35,500,Sell,374257475
2025-10-03 10:44:38+07:00,38.35,1300,Sell,374257474
2025-10-03 10:44:39+07:00,38.4,700,Buy,374257522
2025-10-03 10:44:41+07:00,38.4,100,Buy,374257574
2025-10-03 10:44:50+07:00,38.4,1000,Buy,374257998
2025-10-03 10:44:50+07:00,38.35,500,Sell,374258012
2025-10-03 10:44:50+07:00,38.4,200,Buy,374258026
2025-10-03 10:44:51+07:00,38.4,100,Buy,374258087
2025-10-03 10:44:53+07:00,38.4,200,Buy,374258202
2025-10-03 10:44:53+07:00,38.4,900,Buy,374258204
2025-10-03 10:44:54+07:00,38.4,200,Buy,374258269
2025-10-03 10:45:23+07:00,38.4,100,Buy,374259565
2025-10-03 10:45:31+07:00,38.4,100,Buy,374259901
2025-10-03 10:45:31+07:00,38.4,700,Buy,374259903
2025-10-03 10:45:31+07:00,38.4,200,Buy,374259902
2025-10-03 10:45:32+07:00,38.4,200,Buy,374259967
2025-10-03 10:45:47+07:00,38.4,100,Buy,374260479
2025-10-03 10:45:47+07:00,38.4,900,Buy,374260480
2025-10-03 10:45:48+07:00,38.4,200,Buy,374260617
2025-10-03 10:45:49+07:00,38.4,100,Buy,374260665
2025-10-03 10:45:53+07:00,38.35,100,Sell,374260845
2025-10-03 10:45:53+07:00,38.35,600,Sell,374260844
2025-10-03 10:45:53+07:00,38.35,2800,Sell,374260847
2025-10-03 10:45:53+07:00,38.35,1200,Sell,374260842
2025-10-03 10:45:53+07:00,38.35,2000,Sell,374260841
2025-10-03 10:45:53+07:00,38.35,2800,Sell,374260840
2025-10-03 10:45:53+07:00,38.35,300,Sell,374260843
2025-10-03 10:45:53+07:00,38.35,200,Sell,374260846
2025-10-03 10:46:07+07:00,38.35,200,Sell,374261641
2025-10-03 10:46:08+07:00,38.4,100,Buy,374261646
2025-10-03 10:46:17+07:00,38.35,200,Sell,374262149
2025-10-03 10:46:40+07:00,38.35,100,Sell,374262877
2025-10-03 10:46:42+07:00,38.35,500,Sell,374262928
2025-10-03 10:47:02+07:00,38.4,100,Buy,374263926
2025-10-03 10:47:06+07:00,38.35,100,Sell,374264116
2025-10-03 10:47:06+07:00,38.35,2700,Sell,374264107
2025-10-03 10:47:06+07:00,38.35,100,Sell,374264108
2025-10-03 10:47:06+07:00,38.35,500,Sell,374264109
2025-10-03 10:47:19+07:00,38.4,200,Buy,374264601
2025-10-03 10:47:22+07:00,38.35,200,Sell,374264677
2025-10-03 10:47:32+07:00,38.35,500,Sell,374265075
2025-10-03 10:47:42+07:00,38.35,1600,Sell,374265443
2025-10-03 10:47:47+07:00,38.35,100,Sell,374265674
2025-10-03 10:47:52+07:00,38.35,1000,Sell,374265939
2025-10-03 10:47:57+07:00,38.4,200,Buy,374266126
2025-10-03 10:48:12+07:00,38.4,400,Buy,374266655
2025-10-03 10:48:20+07:00,38.35,700,Sell,374267078
2025-10-03 10:48:48+07:00,38.4,100,Buy,374268194
2025-10-03 10:48:56+07:00,38.35,200,Sell,374268515
2025-10-03 10:48:56+07:00,38.35,1100,Sell,374268516
2025-10-03 10:48:56+07:00,38.35,100,Sell,374268513
2025-10-03 10:48:56+07:00,38.35,100,Sell,374268514
2025-10-03 10:49:26+07:00,38.35,8300,Sell,374269880
2025-10-03 10:49:26+07:00,38.35,400,Sell,374269881
2025-10-03 10:49:26+07:00,38.35,1300,Sell,374269882
2025-10-03 10:49:27+07:00,38.35,1000,Sell,374269976
2025-10-03 10:49:28+07:00,38.35,700,Sell,374270011
2025-10-03 10:49:28+07:00,38.35,300,Sell,374270012
2025-10-03 10:49:28+07:00,38.35,200,Sell,374270013
2025-10-03 10:49:28+07:00,38.35,800,Sell,374270015
2025-10-03 10:49:38+07:00,38.35,3200,Sell,374270857
2025-10-03 10:49:42+07:00,38.4,100,Buy,374271052
