time,price,volume,match_type,id
2025-10-03 10:36:12+07:00,27.8,17500,Sell,374236944
2025-10-03 10:36:12+07:00,27.8,8000,Sell,374236945
2025-10-03 10:36:12+07:00,27.8,2400,Sell,374236946
2025-10-03 10:36:13+07:00,27.85,100,Buy,374236999
2025-10-03 10:36:14+07:00,27.85,1000,Buy,374237027
2025-10-03 10:36:15+07:00,27.85,100,Buy,374237043
2025-10-03 10:36:16+07:00,27.85,1100,Buy,374237077
2025-10-03 10:36:21+07:00,27.8,500,Sell,374237176
2025-10-03 10:36:21+07:00,27.85,200,Buy,374237202
2025-10-03 10:36:23+07:00,27.85,100,Buy,374237291
2025-10-03 10:36:25+07:00,27.8,4600,Sell,374237328
2025-10-03 10:36:26+07:00,27.85,8800,Buy,374237340
2025-10-03 10:36:26+07:00,27.85,1800,Buy,374237331
2025-10-03 10:36:26+07:00,27.85,100,Buy,374237333
2025-10-03 10:36:27+07:00,27.85,100,Buy,374237360
2025-10-03 10:36:29+07:00,27.85,200,Buy,374237470
2025-10-03 10:36:32+07:00,27.85,200,Buy,374237522
2025-10-03 10:36:33+07:00,27.85,200,Buy,374237534
2025-10-03 10:36:35+07:00,27.85,200,Buy,374237605
2025-10-03 10:36:42+07:00,27.85,100,Buy,374237846
2025-10-03 10:36:43+07:00,27.8,600,Sell,374237861
2025-10-03 10:36:43+07:00,27.8,900,Sell,374237862
2025-10-03 10:36:47+07:00,27.8,100,Sell,374237950
2025-10-03 10:36:49+07:00,27.8,500,Sell,374237970
2025-10-03 10:36:52+07:00,27.8,200,Sell,374238057
2025-10-03 10:36:52+07:00,27.8,500,Sell,374238056
2025-10-03 10:36:54+07:00,27.8,200,Sell,374238108
2025-10-03 10:36:54+07:00,27.85,200,Buy,374238096
2025-10-03 10:36:54+07:00,27.8,300,Sell,374238107
2025-10-03 10:36:56+07:00,27.85,600,Buy,374238173
2025-10-03 10:36:56+07:00,27.85,400,Buy,374238174
2025-10-03 10:36:58+07:00,27.8,200,Sell,374238230
2025-10-03 10:36:58+07:00,27.8,600,Sell,374238229
2025-10-03 10:36:58+07:00,27.8,100,Sell,374238228
2025-10-03 10:36:58+07:00,27.8,100,Sell,374238227
2025-10-03 10:36:58+07:00,27.8,1000,Sell,374238226
2025-10-03 10:36:58+07:00,27.8,3000,Sell,374238225
2025-10-03 10:36:58+07:00,27.8,1000,Sell,374238217
2025-10-03 10:36:58+07:00,27.8,100,Sell,374238215
2025-10-03 10:36:58+07:00,27.8,100,Sell,374238212
2025-10-03 10:36:58+07:00,27.8,800,Sell,374238200
2025-10-03 10:36:58+07:00,27.8,200,Sell,374238194
2025-10-03 10:36:58+07:00,27.8,300,Sell,374238193
2025-10-03 10:36:58+07:00,27.8,900,Sell,374238223
2025-10-03 10:36:58+07:00,27.8,100,Sell,374238224
2025-10-03 10:37:00+07:00,27.8,1300,Sell,374238289
2025-10-03 10:37:01+07:00,27.85,300,Buy,374238346
2025-10-03 10:37:01+07:00,27.8,100,Sell,374238347
2025-10-03 10:37:05+07:00,27.85,500,Buy,374238475
2025-10-03 10:37:08+07:00,27.85,100,Buy,374238533
2025-10-03 10:37:14+07:00,27.8,1400,Sell,374238683
2025-10-03 10:37:14+07:00,27.8,100,Sell,374238685
2025-10-03 10:37:14+07:00,27.8,300,Sell,374238698
2025-10-03 10:37:14+07:00,27.8,500,Sell,374238696
2025-10-03 10:37:14+07:00,27.8,1000,Sell,374238695
2025-10-03 10:37:14+07:00,27.8,500,Sell,374238694
2025-10-03 10:37:14+07:00,27.8,1000,Sell,374238693
2025-10-03 10:37:14+07:00,27.8,1000,Sell,374238692
2025-10-03 10:37:14+07:00,27.8,5000,Sell,374238697
2025-10-03 10:37:14+07:00,27.8,100,Sell,374238690
2025-10-03 10:37:14+07:00,27.8,200,Sell,374238691
2025-10-03 10:37:14+07:00,27.8,100,Sell,374238686
2025-10-03 10:37:14+07:00,27.8,500,Sell,374238684
2025-10-03 10:37:14+07:00,27.8,100,Sell,374238688
2025-10-03 10:37:14+07:00,27.8,100,Sell,374238689
2025-10-03 10:37:14+07:00,27.8,100,Sell,374238687
2025-10-03 10:37:15+07:00,27.8,700,Sell,374238713
2025-10-03 10:37:15+07:00,27.8,300,Sell,374238714
2025-10-03 10:37:17+07:00,27.8,2200,Sell,374238828
2025-10-03 10:37:17+07:00,27.8,500,Sell,374238822
2025-10-03 10:37:17+07:00,27.8,100,Sell,374238823
2025-10-03 10:37:17+07:00,27.8,100,Sell,374238824
2025-10-03 10:37:17+07:00,27.8,200,Sell,374238825
2025-10-03 10:37:17+07:00,27.8,800,Sell,374238826
2025-10-03 10:37:17+07:00,27.8,1000,Sell,374238827
2025-10-03 10:37:17+07:00,27.8,100,Sell,374238821
2025-10-03 10:37:18+07:00,27.85,100,Buy,374238858
2025-10-03 10:37:19+07:00,27.85,200,Buy,374238867
2025-10-03 10:37:21+07:00,27.85,8800,Buy,374238952
2025-10-03 10:37:24+07:00,27.85,9600,Buy,374239057
2025-10-03 10:37:24+07:00,27.85,1000,Buy,374239058
2025-10-03 10:37:24+07:00,27.85,39400,Buy,374239059
2025-10-03 10:37:25+07:00,27.85,200,Buy,374239096
2025-10-03 10:37:28+07:00,27.85,100,Buy,374239199
2025-10-03 10:37:28+07:00,27.85,500,Buy,374239216
2025-10-03 10:37:35+07:00,27.85,100,Buy,374239549
2025-10-03 10:37:35+07:00,27.85,800,Buy,374239554
2025-10-03 10:37:35+07:00,27.85,200,Buy,374239555
2025-10-03 10:37:40+07:00,27.8,900,Sell,374239643
2025-10-03 10:37:45+07:00,27.85,200,Buy,374239810
2025-10-03 10:37:45+07:00,27.85,300,Buy,374239811
2025-10-03 10:37:46+07:00,27.8,11000,Sell,374239835
2025-10-03 10:37:47+07:00,27.8,1800,Sell,374239862
2025-10-03 10:37:47+07:00,27.8,900,Sell,374239863
2025-10-03 10:37:52+07:00,27.85,200,Buy,374239979
2025-10-03 10:37:52+07:00,27.85,800,Buy,374239980
2025-10-03 10:37:52+07:00,27.8,2700,Sell,374240026
2025-10-03 10:37:54+07:00,27.8,700,Sell,374240077
2025-10-03 10:37:57+07:00,27.8,1000,Sell,374240156
2025-10-03 10:37:59+07:00,27.8,500,Sell,374240207
