time,price,volume,match_type,id
2025-10-03 10:48:18+07:00,18.65,100,Sell,374266984
2025-10-03 10:48:18+07:00,18.65,2000,Sell,374267005
2025-10-03 10:48:18+07:00,18.65,5000,Sell,374267004
2025-10-03 10:48:18+07:00,18.65,11000,Sell,374267003
2025-10-03 10:48:18+07:00,18.65,100,Sell,374267002
2025-10-03 10:48:18+07:00,18.65,200,Sell,374267001
2025-10-03 10:48:18+07:00,18.65,1000,Sell,374267000
2025-10-03 10:48:18+07:00,18.65,3000,Sell,374266999
2025-10-03 10:48:18+07:00,18.65,2700,Sell,374266998
2025-10-03 10:48:18+07:00,18.65,100,Sell,374266985
2025-10-03 10:48:18+07:00,18.65,1000,Sell,374266996
2025-10-03 10:48:18+07:00,18.65,2000,Sell,374266995
2025-10-03 10:48:18+07:00,18.65,100,Sell,374266991
2025-10-03 10:48:18+07:00,18.65,200,Sell,374266990
2025-10-03 10:48:18+07:00,18.65,100,Sell,374266989
2025-10-03 10:48:18+07:00,18.65,1000,Sell,374266988
2025-10-03 10:48:18+07:00,18.65,100,Sell,374266987
2025-10-03 10:48:18+07:00,18.65,2000,Sell,374266986
2025-10-03 10:48:18+07:00,18.65,100,Sell,374266997
2025-10-03 10:48:21+07:00,18.65,100,Sell,374267100
2025-10-03 10:48:21+07:00,18.65,500,Sell,374267098
2025-10-03 10:48:21+07:00,18.65,100,Sell,374267097
2025-10-03 10:48:21+07:00,18.65,1000,Sell,374267096
2025-10-03 10:48:21+07:00,18.65,100,Sell,374267095
2025-10-03 10:48:21+07:00,18.65,500,Sell,374267099
2025-10-03 10:48:21+07:00,18.65,100,Sell,374267093
2025-10-03 10:48:21+07:00,18.65,200,Sell,374267086
2025-10-03 10:48:21+07:00,18.65,300,Sell,374267087
2025-10-03 10:48:21+07:00,18.65,1000,Sell,374267094
2025-10-03 10:48:21+07:00,18.65,100,Sell,374267090
2025-10-03 10:48:21+07:00,18.65,5000,Sell,374267092
2025-10-03 10:48:21+07:00,18.65,1000,Sell,374267089
2025-10-03 10:48:23+07:00,18.65,1000,Sell,374267299
2025-10-03 10:48:25+07:00,18.65,100,Sell,374267381
2025-10-03 10:48:31+07:00,18.65,500,Sell,374267645
2025-10-03 10:48:49+07:00,18.6,100,Sell,374268220
2025-10-03 10:48:49+07:00,18.6,100,Sell,374268219
2025-10-03 10:48:49+07:00,18.6,1000,Sell,374268218
2025-10-03 10:48:49+07:00,18.6,100,Sell,374268217
2025-10-03 10:48:49+07:00,18.6,100,Sell,374268216
2025-10-03 10:48:49+07:00,18.6,600,Sell,374268215
2025-10-03 10:48:49+07:00,18.65,100,Sell,374268212
2025-10-03 10:48:49+07:00,18.6,100,Sell,374268213
2025-10-03 10:48:49+07:00,18.65,1000,Sell,374268211
2025-10-03 10:48:49+07:00,18.6,500,Sell,374268221
2025-10-03 10:48:49+07:00,18.65,1000,Sell,374268209
2025-10-03 10:48:49+07:00,18.65,500,Sell,374268208
2025-10-03 10:48:49+07:00,18.65,1300,Sell,374268207
2025-10-03 10:48:49+07:00,18.6,100,Sell,374268214
2025-10-03 10:48:49+07:00,18.65,600,Sell,374268210
2025-10-03 10:48:49+07:00,18.6,1200,Sell,374268222
2025-10-03 10:48:49+07:00,18.6,1000,Sell,374268224
2025-10-03 10:48:49+07:00,18.6,400,Sell,374268223
2025-10-03 10:48:49+07:00,18.6,8700,Sell,374268233
2025-10-03 10:48:49+07:00,18.6,100,Sell,374268231
2025-10-03 10:48:49+07:00,18.6,400,Sell,374268230
2025-10-03 10:48:49+07:00,18.6,2000,Sell,374268232
2025-10-03 10:48:49+07:00,18.6,1000,Sell,374268228
2025-10-03 10:48:49+07:00,18.6,100,Sell,374268227
2025-10-03 10:48:49+07:00,18.6,20000,Sell,374268226
2025-10-03 10:48:49+07:00,18.6,100,Sell,374268225
2025-10-03 10:48:49+07:00,18.6,3000,Sell,374268229
2025-10-03 10:48:50+07:00,18.6,100,Sell,374268308
2025-10-03 10:48:50+07:00,18.6,500,Sell,374268312
2025-10-03 10:48:50+07:00,18.6,100,Sell,374268311
2025-10-03 10:48:50+07:00,18.6,1000,Sell,374268310
2025-10-03 10:48:50+07:00,18.6,200,Sell,374268309
2025-10-03 10:48:50+07:00,18.6,300,Sell,374268307
2025-10-03 10:48:50+07:00,18.6,100,Sell,374268313
2025-10-03 10:48:50+07:00,18.6,100,Sell,374268305
2025-10-03 10:48:50+07:00,18.6,100,Sell,374268304
2025-10-03 10:48:50+07:00,18.6,100,Sell,374268303
2025-10-03 10:48:50+07:00,18.6,200,Sell,374268302
2025-10-03 10:48:50+07:00,18.6,200,Sell,374268301
2025-10-03 10:48:50+07:00,18.6,1300,Sell,374268300
2025-10-03 10:48:50+07:00,18.65,100,Sell,374268299
2025-10-03 10:48:50+07:00,18.6,100,Sell,374268306
2025-10-03 10:48:53+07:00,18.6,100,Sell,374268382
2025-10-03 10:48:53+07:00,18.6,100,Sell,374268384
2025-10-03 10:48:53+07:00,18.6,200,Sell,374268385
2025-10-03 10:49:07+07:00,18.65,200,Sell,374268905
2025-10-03 10:49:07+07:00,18.65,100,Sell,374268906
2025-10-03 10:49:13+07:00,18.65,200,Buy,374269110
2025-10-03 10:49:23+07:00,18.65,100,Sell,374269584
2025-10-03 10:49:23+07:00,18.65,100,Sell,374269583
2025-10-03 10:49:23+07:00,18.65,100,Sell,374269581
2025-10-03 10:49:23+07:00,18.65,200,Sell,374269580
2025-10-03 10:49:23+07:00,18.65,800,Sell,374269579
2025-10-03 10:49:23+07:00,18.65,100,Sell,374269582
2025-10-03 10:49:27+07:00,18.65,300,Buy,374269889
2025-10-03 10:49:28+07:00,18.65,500,Buy,374270063
2025-10-03 10:49:33+07:00,18.65,1000,Buy,374270627
2025-10-03 10:50:00+07:00,18.65,100,Buy,374271812
2025-10-03 10:50:20+07:00,18.65,300,Buy,374272504
2025-10-03 10:50:26+07:00,18.65,1400,Buy,374272749
2025-10-03 10:50:26+07:00,18.65,100,Buy,374272750
2025-10-03 10:50:26+07:00,18.65,700,Buy,374272751
2025-10-03 10:50:26+07:00,18.65,100,Buy,374272752
2025-10-03 10:50:26+07:00,18.65,2000,Buy,374272753
2025-10-03 10:50:28+07:00,18.65,400,Sell,374272796
