time,price,volume,match_type,id
2025-10-03 10:20:19+07:00,50.8,1300,Buy,374208589
2025-10-03 10:20:19+07:00,50.8,700,Buy,374208590
2025-10-03 10:20:26+07:00,50.7,100,Buy,374208980
2025-10-03 10:20:26+07:00,50.6,2300,Sell,374208936
2025-10-03 10:20:33+07:00,50.7,100,Buy,374209326
2025-10-03 10:20:35+07:00,50.7,500,Buy,374209412
2025-10-03 10:20:46+07:00,50.6,100,Sell,374210006
2025-10-03 10:20:59+07:00,50.7,1300,Buy,374210582
2025-10-03 10:20:59+07:00,50.8,700,Buy,374210584
2025-10-03 10:21:04+07:00,50.8,100,Buy,374211044
2025-10-03 10:21:04+07:00,50.8,100,Buy,374211049
2025-10-03 10:21:04+07:00,50.8,300,Buy,374211050
2025-10-03 10:21:06+07:00,50.7,300,Sell,374211148
2025-10-03 10:21:54+07:00,50.8,100,Buy,374213055
2025-10-03 10:21:59+07:00,50.8,100,Buy,374213223
2025-10-03 10:22:02+07:00,50.7,100,Sell,374213343
2025-10-03 10:22:02+07:00,50.7,1700,Sell,374213342
2025-10-03 10:22:06+07:00,50.7,200,Sell,374213457
2025-10-03 10:22:10+07:00,50.8,100,Buy,374213661
2025-10-03 10:22:14+07:00,50.8,2000,Buy,374213851
2025-10-03 10:22:16+07:00,50.8,1000,Buy,374213906
2025-10-03 10:22:19+07:00,50.8,500,Buy,374214018
2025-10-03 10:22:25+07:00,50.8,500,Buy,374214276
2025-10-03 10:22:26+07:00,50.7,500,Sell,374214286
2025-10-03 10:22:42+07:00,50.8,400,Buy,374214991
2025-10-03 10:23:22+07:00,50.7,3600,Sell,374216178
2025-10-03 10:23:26+07:00,50.7,400,Sell,374216292
2025-10-03 10:23:52+07:00,50.7,6000,Sell,374217045
2025-10-03 10:24:06+07:00,50.7,700,Sell,374217331
2025-10-03 10:24:07+07:00,50.8,100,Buy,374217347
2025-10-03 10:24:13+07:00,50.8,4900,Buy,374217534
2025-10-03 10:24:13+07:00,50.8,700,Buy,374217535
2025-10-03 10:24:25+07:00,50.8,3100,Buy,374217837
2025-10-03 10:24:25+07:00,50.8,1900,Buy,374217838
2025-10-03 10:24:26+07:00,50.7,1200,Sell,374217861
2025-10-03 10:24:41+07:00,50.7,100,Sell,374218363
2025-10-03 10:24:43+07:00,50.7,1800,Sell,374218417
2025-10-03 10:24:46+07:00,50.7,200,Sell,374218472
2025-10-03 10:24:53+07:00,50.8,100,Buy,374218609
2025-10-03 10:25:12+07:00,50.8,2800,Buy,374219008
2025-10-03 10:25:12+07:00,50.8,1000,Buy,374219009
2025-10-03 10:25:12+07:00,50.8,1800,Buy,374219010
2025-10-03 10:25:12+07:00,50.8,200,Buy,374219004
2025-10-03 10:25:25+07:00,50.7,10000,Sell,374219381
2025-10-03 10:25:26+07:00,50.7,1700,Sell,374219420
2025-10-03 10:25:53+07:00,50.8,5700,Buy,374220079
2025-10-03 10:25:55+07:00,50.8,100,Buy,374220111
2025-10-03 10:26:06+07:00,50.7,700,Sell,374220312
2025-10-03 10:26:09+07:00,50.8,100,Buy,374220374
2025-10-03 10:26:10+07:00,50.7,100,Sell,374220401
2025-10-03 10:26:18+07:00,50.7,3600,Sell,374220570
2025-10-03 10:26:19+07:00,50.8,100,Buy,374220595
2025-10-03 10:26:26+07:00,50.7,400,Sell,374220705
2025-10-03 10:26:35+07:00,50.8,1000,Buy,374220884
2025-10-03 10:26:46+07:00,50.7,100,Sell,374221144
2025-10-03 10:26:59+07:00,50.7,100,Sell,374221414
2025-10-03 10:27:23+07:00,50.7,1800,Sell,374221984
2025-10-03 10:27:26+07:00,50.7,200,Sell,374222030
2025-10-03 10:27:27+07:00,50.7,6000,Sell,374222045
2025-10-03 10:27:35+07:00,50.8,5000,Buy,374222238
2025-10-03 10:27:46+07:00,50.7,1300,Sell,374222502
2025-10-03 10:27:59+07:00,50.8,400,Buy,374222721
2025-10-03 10:28:25+07:00,50.8,100,Buy,374223296
2025-10-03 10:28:30+07:00,50.8,9200,Buy,374223437
2025-10-03 10:28:46+07:00,50.7,1000,Sell,374223776
2025-10-03 10:29:05+07:00,50.7,500,Sell,374224285
2025-10-03 10:29:06+07:00,50.7,100,Sell,374224298
2025-10-03 10:29:14+07:00,50.7,3600,Sell,374224404
2025-10-03 10:29:28+07:00,50.7,400,Sell,374224775
2025-10-03 10:29:44+07:00,50.8,500,Buy,374225234
2025-10-03 10:29:48+07:00,50.7,1100,Sell,374225335
2025-10-03 10:30:04+07:00,50.7,1800,Sell,374225792
2025-10-03 10:30:06+07:00,50.7,400,Sell,374225841
2025-10-03 10:30:11+07:00,50.8,5000,Buy,374226042
2025-10-03 10:30:11+07:00,50.8,300,Buy,374226041
2025-10-03 10:30:11+07:00,50.8,3000,Buy,374226040
2025-10-03 10:30:11+07:00,50.8,100,Buy,374226037
2025-10-03 10:30:11+07:00,50.8,16000,Buy,374226036
2025-10-03 10:30:11+07:00,50.8,1000,Buy,374226039
2025-10-03 10:30:12+07:00,50.8,4600,Sell,374226046
2025-10-03 10:30:12+07:00,50.7,7000,Sell,374226055
2025-10-03 10:30:26+07:00,50.7,4100,Sell,374226427
2025-10-03 10:30:36+07:00,50.7,5300,Sell,374226788
2025-10-03 10:30:46+07:00,50.7,600,Sell,374227146
2025-10-03 10:30:48+07:00,50.8,100,Buy,374227191
2025-10-03 10:31:02+07:00,50.7,6000,Sell,374227651
2025-10-03 10:31:06+07:00,50.7,600,Sell,374227787
2025-10-03 10:31:13+07:00,50.8,500,Buy,374227933
2025-10-03 10:31:13+07:00,50.8,1900,Buy,374227932
2025-10-03 10:31:26+07:00,50.8,300,Sell,374228389
2025-10-03 10:31:35+07:00,50.9,100,Buy,374228601
2025-10-03 10:32:09+07:00,50.8,3600,Sell,374229671
2025-10-03 10:32:14+07:00,50.9,900,Buy,374229774
2025-10-03 10:32:14+07:00,50.9,1800,Buy,374229775
2025-10-03 10:32:14+07:00,50.9,3000,Buy,374229776
2025-10-03 10:32:14+07:00,50.9,2300,Buy,374229777
2025-10-03 10:32:14+07:00,50.9,200,Buy,374229778
2025-10-03 10:32:18+07:00,50.9,100,Buy,374229976
2025-10-03 10:32:26+07:00,50.8,1300,Sell,374230187
2025-10-03 10:32:31+07:00,50.8,100,Sell,374230379
